2095 3173
638 227 825 268 LIBER
865 225 1150 277 QUINTUS
1544 239 1623 277 227

268 337 339 375 Est
370 336 526 386 grauior
554 335 708 386 plumbi
737 347 867 373 massa
896 335 951 372 sic
979 334 1131 383 garrula
1158 331 1301 383 lingua,

267 403 449 441 Pondere
478 401 552 440 sub
581 401 693 439 cuius
722 401 866 440 corruit
894 399 1000 438 vrbis
1029 400 1166 438 honor.

270 467 350 516 Qui
380 467 483 505 mala
511 467 593 505 vult
621 466 707 504 vrbi
737 466 915 504 conciuis
944 465 1094 503 nesciat
1122 463 1272 511 vrbem,

270 534 396 571 Ianua
424 532 551 570 fallaci
582 544 656 569 nec
684 531 734 569 sit
762 538 896 580 aperta
925 530 1033 568 viro:

269 597 349 636 Ore
377 597 469 635 licet
499 596 646 645 duplex
675 595 763 633 talis
792 602 907 632 canat
936 593 1041 632 vrbis
1070 594 1274 641 honorem,

268 662 401 702 Corde
430 662 548 699 silens
578 660 696 699 tacite
725 660 876 698 semina
905 660 1051 697 fraudis
1079 659 1223 698 habet:

269 728 377 766 Sicut
406 739 510 776 aqua
538 726 657 776 piscis
686 726 843 776 gaudet,
873 725 1015 763 letatur
1043 725 1174 774 iniqus

271 795 378 831 Dum
409 792 517 830 videt
545 792 704 830 alterius
734 791 909 839 dampna
938 796 1072 840 patere
1101 790 1236 840 magis.

271 859 439 896 Fontem
469 858 566 896 dum
595 857 703 895 solus
733 868 989 894 communem
1019 856 1165 894 toxicat
1192 868 1305 902 vnus,

269 923 387 962 Plebs
416 923 517 972 perit
546 929 584 961 et
613 922 733 971 pestis
763 933 906 970 magna
934 927 1097 971 repente
1125 921 1255 959 venit:
1566 933 1631 965 940

271 989 381 1028 Ciuis
410 989 478 1038 qui
508 989 615 1026 ciues
645 986 855 1025 conturbat
884 993 923 1025 et
952 986 1139 1036 opprimit
1169 998 1321 1033 omnes,

270 1054 406 1092 Exulis
435 1061 501 1091 aut
530 1053 666 1091 mortis
697 1053 745 1090 sit
779 1051 854 1090 sibi
883 1064 986 1101 pena
1014 1052 1131 1101 prius.

271 1121 380 1157 Dum
409 1119 509 1157 dens
538 1119 645 1156 solus
674 1118 764 1164 olet,
794 1123 923 1155 totum
952 1124 1070 1166 caput
1099 1116 1225 1154 inficit
1255 1116 1331 1163 ille,

269 1185 309 1223 Si
338 1184 431 1222 foris
460 1184 682 1230 extrahitur,
713 1190 840 1221 cessat
869 1182 919 1220 ab
950 1182 1043 1220 inde
1073 1182 1186 1220 dolor
1200 1195 1211 1229 3

270 1250 334 1288 Sic
362 1249 468 1299 prius
497 1255 691 1287 extractus
720 1248 769 1286 sit
798 1248 895 1285 ciuis
925 1247 964 1285 in
994 1246 1089 1285 vrbe
1118 1246 1322 1296 malignus,

272 1316 405 1364 Quam
435 1314 560 1351 ciuilis
589 1314 718 1351 honor
746 1313 885 1362 perdat
914 1313 954 1349 in
983 1311 1079 1350 vrbe
1109 1312 1254 1349 locum.

272 1379 443 1429 Expedit
471 1391 571 1416 vnus
600 1378 706 1416 enim
736 1378 934 1425 moriatur,
966 1389 1018 1415 ne
1046 1376 1160 1426 quasi
1188 1382 1273 1414 tota

271 1446 380 1484 Gens
409 1452 542 1494 pereat
571 1445 651 1482 lesa
680 1443 731 1482 de
759 1443 949 1493 grauitate
978 1455 1058 1480 sua.

325 1549 444 1588 Vrbis
472 1556 609 1596 rector,
641 1561 712 1599 age
741 1547 851 1598 quod
880 1547 930 1585 sit
957 1546 1182 1592 concordia,
1214 1557 1295 1596 que
1323 1545 1390 1584 dat

272 1617 439 1653 Pacem:
479 1627 555 1664 pax
583 1614 731 1653 etenim
760 1625 946 1663 prospera
974 1618 1119 1650 cuncta
1146 1611 1258 1661 parit.
1570 1624 1635 1657 950

274 1681 366 1719 Non
398 1687 512 1718 sonet
540 1679 580 1717 in
610 1679 766 1729 populis
796 1690 925 1716 sermo
955 1684 1046 1716 tuus
1075 1678 1346 1726 impetuosus3

275 1745 470 1784 Dulcibus
500 1752 558 1783 est
586 1744 715 1782 verbis
745 1743 850 1781 vrbis
879 1743 1045 1781 alendus
1075 1754 1198 1780 amor.

276 1811 526 1861 Obsequium
555 1811 753 1859 tigresque
785 1809 922 1847 domat
951 1807 1207 1857 tumidosque
1235 1806 1382 1852 leones,

276 1876 442 1914 Rustica
470 1875 659 1925 paulatim
688 1881 821 1912 taurus
850 1881 974 1911 aratra
1005 1872 1136 1920 subit3

274 1942 338 1980 Sic
367 1940 440 1979 sibi
470 1940 580 1989 quod
608 1945 824 1989 nequeunt,
855 1938 956 1976 valet
986 1938 1062 1975 hoc
1091 1936 1317 1986 prudencia,
1348 1935 1459 1982 vires,

277 2008 532 2056 Comptaque
561 2005 612 2043 de
641 2004 744 2042 facili
774 2003 950 2053 pondere
979 2002 1153 2051 complet
1183 2014 1295 2051 opus.

278 2073 372 2110 Non
402 2072 494 2109 satis
522 2082 599 2108 vna
627 2076 736 2107 tenet
764 2069 927 2118 agitatas
956 2068 1130 2105 anchora
1158 2078 1323 2116 puppes,

279 2138 366 2175 Nec
396 2137 488 2174 satis
517 2141 576 2174 est
604 2134 764 2184 liquidis
792 2134 930 2171 vnicus
960 2133 1100 2170 hamus
1130 2132 1268 2182 aquis3

278 2203 369 2241 Sola
397 2214 471 2240 nec
499 2214 576 2239 vna
604 2200 674 2238 viri
703 2211 872 2249 persona
900 2204 1032 2248 potest
1061 2197 1147 2236 sine
1175 2196 1303 2246 plebis

280 2267 437 2306 Auxilio
466 2272 628 2304 cunctas
656 2264 761 2303 vrbis
790 2263 936 2302 habere
964 2263 1077 2303 vices.
1572 2266 1638 2310 960

280 2333 485 2382 Principiis
514 2330 639 2378 obsta,
671 2331 702 2368 si
730 2337 773 2368 tu
802 2335 926 2379 potes,
958 2335 1026 2367 aut
1055 2328 1252 2378 sapienter

280 2399 445 2436 Discute
474 2397 660 2446 paulatim
691 2395 801 2446 quod
830 2395 970 2444 nequis
1000 2394 1083 2443 ipse
1112 2393 1252 2431 simul:

281 2464 481 2512 Tempora
509 2462 606 2500 dum
633 2461 774 2499 veteris
804 2460 935 2510 queris
964 2458 1171 2497 temeraria
1199 2457 1374 2506 dampni,

281 2529 382 2577 Sepe
411 2528 533 2577 magis
561 2526 746 2565 morbum
776 2538 896 2575 quam
927 2524 1177 2562 medicamen
1207 2520 1380 2560 habent:

281 2593 470 2633 Curando
499 2592 582 2630 fieri
611 2591 783 2641 quedam
813 2590 961 2628 maiora
989 2589 1170 2626 videmus

281 2658 467 2705 Vulnera,
498 2669 576 2707 que
604 2656 744 2695 melius
773 2668 854 2693 non
884 2654 1058 2704 tetigisse
1087 2653 1171 2690 fuit.

283 2723 466 2762 Flumina
493 2734 636 2772 magna
663 2722 773 2760 vides
803 2721 935 2770 paruis
965 2719 1015 2758 de
1043 2717 1220 2756 fontibus
1248 2722 1343 2762 orta,

286 2788 470 2827 Flumina
498 2787 672 2825 collectis
702 2786 1012 2835 multiplicantur
1040 2783 1175 2832 aquis:

262 2897 327 2927 949
353 2884 518 2924 Ordinmy
529 2884 721 2926 paragraph
740 2883 863 2915 CEDL
994 2890 1058 2922 955
1082 2879 1145 2912 sibi
1162 2879 1409 2912 CEHGDLH2
1454 2879 1507 2911 vbi
1526 2879 1551 2911 S

859 2949 885 2983 Q
909 2952 927 2976 2
