2095 3173
236 210 250 228 ι
425 198 760 240 PROLOGUS
802 199 973 240 LIBRI
1015 200 1290 242 SECUNDI
1537 207 1589 256 83

236 303 286 340 Et
315 303 346 341 si
376 310 500 342 metra
529 304 627 342 meis
656 304 872 354 incongrua
900 305 1075 345 versibus
1105 314 1245 354 errent,

235 367 326 415 Que
355 367 428 406 sibi
458 369 540 407 vult
568 369 723 407 animus
753 382 927 420 congrua
954 378 1046 409 vota
1074 383 1182 421 cape.

232 431 447 470 Rethorice
476 433 568 471 folia
597 434 779 484 quamuis
807 435 987 472 formalia
1015 435 1155 483 desint,

234 495 400 534 Materie
429 497 576 536 fructus
606 511 687 536 non
718 499 789 537 erit
818 499 912 537 inde
941 500 1093 538 minor:

233 561 319 598 Sint
348 562 438 600 licet
467 563 522 600 hii
546 575 680 601 versus
710 564 868 602 modice
896 565 1048 603 virtutis
1077 565 1128 603 ad
1158 572 1274 613 extra,

233 626 402 664 Interior
430 628 550 666 virtus
580 629 720 666 ordine
750 630 873 668 maior
901 631 983 668 erit.
1548 647 1589 678 30

285 692 481 740 Quamuis
511 705 649 731 sensus
678 693 801 732 hebes
831 694 972 743 obstet,
1005 702 1138 734 tamen
1167 696 1319 747 absque
1347 696 1490 734 rubore

234 756 325 804 Que
354 769 443 795 mea
472 757 703 806 simplicitas
733 760 874 797 sufficit
903 760 968 797 illa
997 760 1116 799 dabo.

233 822 281 859 In
312 834 406 860 sene
436 823 534 861 scire
563 835 701 872 parum
731 825 900 862 multum
931 826 1029 864 solet
1059 838 1144 864 esse
1173 826 1318 876 pudori

230 886 438 935 Temporis
467 888 600 926 amissi
630 901 698 938 pre
726 889 915 938 grauitate
945 890 1028 938 sui;

232 950 299 988 Set
327 952 450 990 modo
481 952 592 1002 siqua
623 954 723 1002 sapit
752 954 870 992 docet
899 961 966 992 aut
996 955 1153 1004 prouisa
1182 961 1378 1002 senectus,

230 1015 307 1052 Vix
336 1022 469 1054 tamen
499 1017 574 1055 hec
603 1024 711 1067 grata
741 1031 815 1056 vox
845 1019 1027 1057 iuuenilis
1056 1019 1190 1057 habet.

231 1081 322 1129 Que
351 1081 528 1120 scribunt
557 1090 717 1129 veteres,
749 1083 840 1121 licet
869 1096 915 1121 ex
946 1084 1098 1122 feruore
1127 1084 1343 1130 studentes,

231 1145 338 1184 Raro
368 1147 496 1184 solent
525 1148 654 1196 pueris
685 1148 789 1186 dicta
819 1148 974 1196 placere
1004 1149 1121 1196 satis3

231 1210 517 1260 Obloquioque
546 1224 617 1249 suo
648 1213 830 1261 quamuis
860 1219 994 1251 tamen
1024 1225 1092 1250 ora
1120 1212 1264 1250 canina

231 1276 403 1322 Latrent,
435 1289 515 1314 non
546 1277 690 1327 fugiam
722 1277 818 1327 quin
847 1278 970 1327 magis
1000 1278 1073 1315 ista
1102 1290 1255 1315 canam.
1545 1293 1590 1323 40

232 1340 296 1378 De
325 1341 426 1378 saxis
455 1342 598 1388 oleum,
631 1342 680 1380 de
711 1349 820 1391 petra
849 1343 927 1380 mel
957 1342 1028 1380 tibi
1059 1354 1190 1391 sugge,

232 1407 375 1455 Deque
404 1406 491 1444 rudi
521 1407 671 1445 dociles
700 1409 876 1446 carmine
905 1420 1017 1446 sume
1047 1415 1174 1445 notas.

232 1471 436 1520 Quicquid
465 1471 515 1509 ad
546 1471 709 1510 interius
740 1485 894 1510 morum
926 1472 1115 1521 scriptura
1144 1472 1339 1521 propinat,

230 1537 421 1574 Doctrine
450 1549 569 1574 causa
598 1536 718 1575 debet
747 1538 893 1576 habere
922 1538 1079 1576 locum:

229 1601 363 1640 Verba
392 1613 461 1651 per
489 1614 534 1640 os
563 1603 662 1640 asini
692 1603 759 1652 qui
789 1604 961 1652 protulit,
993 1603 1057 1640 hic
1086 1614 1175 1641 mea
1205 1614 1294 1652 spes
1325 1608 1392 1649 est,

230 1668 326 1705 Eius
357 1673 396 1705 vt
424 1667 476 1705 ad
505 1668 663 1706 laudern
694 1669 845 1706 cercius
874 1681 941 1707 ore
969 1669 1120 1717 loquar.

230 1733 334 1782 Ergo
363 1733 505 1771 recede
534 1745 622 1771 mee
652 1734 849 1772 detractor
877 1734 1127 1783 simplicitati,

230 1798 318 1835 Nec
346 1810 435 1835 mea
463 1797 607 1846 scripta
636 1804 755 1846 queat
783 1798 922 1836 rodere
952 1798 1052 1835 liuor
1081 1798 1204 1835 edax:

231 1863 320 1900 Lite
348 1869 490 1900 vacent
518 1874 631 1900 aures
661 1862 818 1900 lectoris
848 1869 887 1900 et
916 1861 1037 1900 obuia
1065 1862 1210 1900 cedant

231 1927 450 1973 Murmura,
482 1926 596 1964 differ
624 1938 737 1975 opus,
770 1927 904 1964 invida
933 1926 1058 1973 turba,
1089 1932 1213 1964 tuum.
1549 1940 1590 1970 50

231 1992 272 2030 Si
300 1998 434 2029 tamen
463 1990 650 2028 incendat
680 1991 803 2029 Sinon
834 1991 1081 2040 Excetraque
1110 1990 1250 2035 sufflet,

231 2057 325 2095 Non
355 2056 486 2093 minus
516 2056 718 2105 inceptum
748 2056 871 2094 tendo
900 2068 1035 2105 parare
1065 2055 1210 2093 stilum.

231 2123 303 2161 Est
332 2122 470 2160 oculus
499 2133 626 2168 cecus,
659 2121 844 2170 aurisque
872 2128 1006 2159 manet
1035 2120 1147 2170 quasi
1177 2119 1305 2166 surda,

232 2187 313 2236 Qui
342 2186 463 2224 nichil
493 2193 532 2223 vt
562 2186 688 2234 sapiat
715 2185 846 2223 cordis
875 2186 928 2223 ad
955 2198 1046 2235 yma
1076 2186 1230 2232 ferunt;

232 2252 284 2289 Et
313 2251 344 2288 si
374 2263 442 2288 cor
471 2250 596 2299 sapiat
624 2250 735 2299 quod
763 2262 844 2288 non
874 2250 1003 2297 docet,
1035 2255 1095 2288 est
1123 2248 1236 2298 quasi
1265 2258 1392 2298 pruna

232 2317 366 2367 Ignea,
398 2315 471 2353 sub
501 2315 632 2353 cinere
661 2314 884 2353 dummodo
913 2321 1016 2352 tecta
1044 2314 1150 2352 latet.

231 2381 299 2420 Nil
327 2380 401 2419 fert
430 2379 504 2418 sub
533 2380 670 2418 modio
699 2379 836 2418 lucens
866 2379 1033 2418 candela
1061 2390 1236 2425 reconsa‚

230 2445 406 2484 Pectoris
433 2451 502 2483 aut
530 2457 668 2484 sensus
697 2457 765 2483 ore
795 2451 964 2494 negante
992 2444 1115 2494 loqui.

230 2511 340 2560 Quid
369 2511 400 2548 si
430 2523 555 2560 pauca
574 2511 717 2560 sciam,
747 2509 943 2559 numquid
971 2509 1091 2546 michi
1121 2506 1291 2546 scribere
1319 2517 1444 2555 pauce

231 2575 445 2625 Competit,
476 2575 600 2612 immo
629 2575 738 2612 iuuat
766 2574 862 2612 alter
890 2581 930 2611 vt
959 2574 1024 2611 illa
1053 2573 1160 2610 sciat.
1545 2576 1586 2607 60

231 2641 295 2679 De
323 2639 490 2677 modicis
519 2639 635 2688 igitur
662 2639 866 2677 modicum
895 2637 1002 2676 dabo
1030 2648 1190 2686 pauper,
1221 2641 1259 2673 et
1288 2634 1383 2672 inde

231 2704 344 2743 Malo
372 2704 501 2741 valere
529 2715 667 2752 parum
697 2715 817 2752 quarn
846 2702 1014 2740 valuisse
1044 2700 1177 2738 nichil.

233 2769 327 2807 Non
356 2768 475 2806 miser
502 2774 561 2806 est
589 2768 688 2814 talis,
716 2767 867 2817 aliquid
896 2767 964 2816 qui
993 2778 1074 2803 non
1104 2764 1198 2802 dare
1226 2762 1374 2812 possit3

239 2853 284 2884 29
306 2843 395 2875 Sunt
412 2842 439 2874 C
571 2851 612 2882 51
637 2841 768 2882 Symon
785 2845 987 2880 excetraque
1003 2839 1030 2871 L
1073 2838 1104 2870 si
1120 2848 1191 2870 non
1209 2847 1414 2877 excecraque
1438 2837 1466 2868 D

820 2906 846 2934 G
869 2909 889 2933 2
