2912 4368
1127 813 1201 849 186

1590 809 1719 849 VOX
1762 809 2118 849 CLAMANTIS

1230 919 1337 955 'l‘alis
1369 917 1473 956 enin]
1507 916 1652 953 meritis
1684 923 1787 952 extat
1818 915 2026 952 laudabilis
2057 916 2155 962 altis,

1231 985 1326 1021 Eius
1358 997 1447 1020 nain
1482 981 1662 1029 precibus
1693 981 1912 1017 viuificatur
1941 981 2098 1017 humus.

1232 1053 1297 1086 Set
1329 1050 1412 1086 sine
1443 1047 1603 1085 materia
1634 1047 1699 1095 qui
1731 1047 1854 1083 iaruat
1885 1047 1923 1082 in
1954 1047 2092 1083 ordine
2123 1046 2300 1091 sormam,

1233 1115 1412 1151 l‘redicat
1443 1114 1620 1159 exterius,
1655 1112 1772 1160 spirat
1803 1119 1840 1149 et
1871 1112 1975 1148 intus
2006 1124 2112 1160 opes,

1231 1178 1395 1215 'I'alibus
1427 1179 1498 1216 iste
1528 1179 1626 1215 liber
1656 1178 1801 1225 profert
1833 1190 1900 1214 sua
1930 1177 2048 1215 verba
2081 1178 2292 1223 modernis,

1231 1245 1282 1280 Yt
1314 1243 1386 1280 sibi
1420 1256 1493 1280 vox
1525 1244 1658 1292 popvli
1690 1243 1855 1280 contulit
1888 1244 1949 1280 illa
1981 1244 2102 1291 loqui.
2535 1257 2594 1288 710

1285 1309 1436 1347 Ordine
1467 1310 1652 1345 mendico
1684 1309 1921 1356 supervndat
1952 1309 2092 1345 concio
2124 1309 2294 1353 fratrum,

1233 1376 1294 1411 ])e
1325 1374 1468 1422 quibus
1498 1374 1699 1411 exvndans
1730 1374 1860 1422 regula
1890 1374 2014 1421 prinia
2043 1373 2161 1422 fugit:

1233 1440 1379 1476 Molles
1411 1438 1628 1476 deveniunt
1659 1439 1765 1484 tales,
1799 1439 1865 1486 qui
1897 1438 1994 1475 dura
2025 1439 2207 1475 solebant

1233 1505 1395 1543 Ordinis
1426 1517 1472 1542 ex
1503 1512 1594 1541 voto
1626 1505 1723 1541 ferre
1754 1504 1946 1552 placenda
1978 1504 2064 1541 deo.

1233 1571 1481 1619 Acephaluin
1514 1582 1662 1607 nomen
1693 1569 1771 1606 sibi
1803 1570 1914 1606 dant
1946 1570 2072 1618 primo
2103 1570 2368 1616 statuendum,

1233 1638 1363 1685 Seque
1394 1643 1536 1673 vocant
1568 1636 1705 1684 inopes
1737 1635 1808 1672 sert
1839 1634 1982 1684 quibus
2013 1635 2142 1672 onmis
2173 1647 2314 1684 opem:

1233 1702 1349 1740 Cristi
1381 1702 1595 1749 discipulos
1626 1702 1819 1738 affirmant
1850 1713 1890 1738 se
1921 1700 2003 1738 sore
2032 1700 2177 1747 fratres,

1234 1768 1330 1805 Eius
1362 1774 1399 1805 et
1431 1768 1599 1815 exempli
1631 1767 1784 1815 singula
1815 1767 1896 1803 iura
1927 1766 2062 1815 sequi:

1234 1833 1327 1869 Hoc
1358 1833 1521 1870 mentita
1554 1833 1652 1869 sides
1683 1832 1788 1878 dicit,
1821 1839 1955 1868 tamen
1988 1832 2063 1868 hoc
2094 1831 2185 1868 satis
2217 1831 2289 1868 iilis

1233 1898 1445 1944 Conuenit,
1478 1906 1516 1935 vt
1547 1898 1684 1935 dicunt
1715 1898 1781 1946 qui
1813 1909 1920 1933 sacra
1951 1897 2093 1945 scripta
2124 1897 2265 1934 sciunt.
2535 1910 2597 1943 7²0

1235 1965 1333 2000 Sunt
1364 1964 1474 2012 quasi
1507 1976 1612 1999 nunc
1642 1970 1780 2011 gentes
1812 1962 1864 1998 nil
1896 1962 2143 2011 proprietatis
2175 1962 2378 2008 habentes,

1235 2030 1284 2066 Et
1316 2037 1448 2066 tamen
1480 2029 1517 2065 in
1551 2029 1674 2065 forma
1705 2028 1886 2076 pauperis
1917 2040 2036 2064 omne
2067 2034 2213 2064 tenent.

1235 2094 1375 2131 Gracia
1407 2094 1436 2131 si
1468 2095 1581 2131 fuerit
1611 2102 1677 2130 aut
1708 2093 1829 2129 fatum
1861 2092 2041 2129 fratribus
2073 2093 2154 2129 istis

1236 2160 1393 2205 Nescio⁷
1426 2166 1483 2197 set
1514 2159 1686 2195 mundus
1717 2165 1820 2195 totus
1852 2158 2056 2195 habundat
2086 2158 2152 2195 eis.

1236 2226 1282 2262 In
1315 2225 1497 2262 manibus
1529 2225 1697 2262 retinent
1729 2236 1881 2273 papam,
1916 2224 1982 2272 qui
2014 2224 2110 2260 dura
2141 2224 2283 2261 relaxat

1235 2290 1396 2328 Ordinis
1428 2298 1465 2328 et
1496 2290 1630 2327 statuit
1662 2291 1771 2338 plura
1801 2290 1916 2326 licere
1948 2289 2093 2336 modo3

1235 2356 1285 2393 Et
1316 2356 1345 2393 si
1378 2368 1473 2404 quas
1505 2368 1641 2392 causas
1673 2367 1773 2403 pape
1804 2361 1918 2402 negat
1950 2354 2032 2402 ipsa
2062 2361 2247 2402 potestas,

1235 2421 1348 2459 Clam
1380 2421 1494 2458 faciet
1525 2421 1648 2458 licitas
1680 2420 1777 2457 ordo
1809 2420 1963 2456 sinister
1993 2432 2069 2456 eaS.

1236 2487 1320 2524 Nec
1351 2499 1415 2523 rex
1446 2499 1518 2524 nec
1549 2487 1729 2535 princeps
1761 2497 1834 2522 nec
1865 2497 2026 2533 magnas
2057 2485 2142 2522 talis
2174 2485 2210 2521 in
2243 2484 2338 2522 orbe
2368 2494 2435 2527 est,

1237 2552 1314 2599 Qui
1347 2564 1416 2588 sua
1447 2560 1594 2589 secreta
1625 2564 1704 2588 non
1737 2551 1902 2587 fateatur
1932 2550 1997 2587 eis.
2540 2567 2599 2595 '30

1291 2618 1341 2653 Et
1372 2617 1426 2654 sic
1457 2617 1629 2653 mendici
1661 2617 1845 2653 dominos
1877 2622 2074 2664 superant,
2106 2622 2143 2652 et
2174 2614 2223 2652 ab
2255 2616 2350 2653 orbe

1234 2683 1435 2730 Vsurpant
1466 2682 1582 2719 tacite
1612 2682 1720 2730 quod
1752 2689 1867 2730 negat
1897 2681 1995 2718 ordo
2026 2682 2165 2729 palam.

1237 2748 1329 2784 Non
1362 2748 1432 2784 hos
1463 2747 1688 2795 discipulos,
1722 2746 1844 2795 inagis
1875 2747 1996 2783 imino
2027 2746 2123 2783 deos
2154 2747 2234 2784 fore
2265 2747 2406 2792 dicam,

1237 2814 1347 2849 Mors
1378 2811 1522 2861 quibus
1553 2820 1589 2849 et
1620 2813 1697 2848 vita
1727 2812 1861 2849 dedita
1892 2812 1997 2848 lucra
2028 2812 2180 2848 ferunt:

1236 2877 1394 2915 Mortua
1425 2890 1597 2925 namque
1629 2877 1713 2916 sibi,
1746 2876 1890 2925 quibus
1921 2877 1984 2913 bic
2015 2877 2217 2914 confessor
2247 2877 2412 2924 adhesit,

1238 2943 1424 2991 Corpora,
1459 2943 1489 2979 si
1521 2942 1663 2979 fuerint
1694 2942 1822 2989 digna,
1857 2942 2010 2989 sepulta
2041 2942 2163 2989 petit3

1238 3010 1303 3045 Set
1335 3008 1364 3044 si
1395 3020 1536 3056 corpus
1568 3008 1682 3055 inops
1713 3007 1835 3052 fuerit,
1867 3007 1919 3042 nil
1950 3006 2133 3043 vendicat
2163 3006 2256 3054 ipse,

1238 3073 1340 3109 Nan]
1373 3085 1441 3109 sua
1473 3073 1525 3109 nil
1558 3073 1692 3121 pietas,
1725 3072 1801 3108 sint
1832 3072 1903 3108 nisi
1936 3072 2052 3117 lucra,
2085 3072 2194 3119 sapit.

1239 3138 1441 3186 Baptizare
1473 3138 1591 3175 fidem
1624 3138 1774 3183 nolunt,
1807 3137 1898 3185 quia
1928 3148 1987 3173 res
2018 3136 2101 3173 sine
2132 3137 2240 3174 lucro

1240 3204 1331 3239 Non
1364 3204 1433 3240 erit
1464 3203 1501 3239 in
1534 3203 1716 3240 inanibus
1747 3203 1850 3239 culta
1880 3202 1940 3239 vel
1970 3210 2056 3239 acta
2086 3203 2175 3239 suis.
2536 3219 2595 3248 ,ηε

1238 3268 1289 3304 Vt
1321 3266 1392 3304 sibi
1426 3276 1617 3305 mercator
1648 3268 1741 3305 eniit
1772 3280 1889 3305 omne
1919 3280 2042 3316 genus
2074 3269 2305 3316 specierum,

1240 3333 1366 3368 Lucra
1397 3334 1503 3380 quod
1535 3346 1580 3370 ex
1611 3334 1743 3370 inultis
1774 3333 1896 3370 inulta
1927 3340 2059 3370 tenere
2090 3341 2233 3381 queat,-

1240 3398 1302 3434 Sic
1333 3410 1470 3434 ornnes
1502 3399 1638 3435 mundi
1670 3411 1805 3435 causas
1835 3398 2036 3446 amplectit
2066 3411 2205 3436 auarus

1240 3463 1383 3508 Frater,
1415 3470 1452 3500 vt
1484 3464 1520 3500 in
1553 3464 1664 3501 variis
1695 3464 1862 3513 gaudeat
1893 3464 1975 3512 ipse
2005 3464 2131 3500 lucris.
