2095 3173
410 215 486 253 162
875 213 1007 254 VOX
1048 213 1408 255 CLAMANTIS

515 319 688 359 Pertinet
716 320 768 358 ad
797 333 926 358 mores
954 318 1030 358 ista
1056 320 1215 368 loquela
1244 319 1397 358 bonos:

517 384 671 424 Dicitur
699 385 785 432 hiis,
819 386 1007 422 ‘Terram
1037 385 1206 434 replete'
1222 399 1232 432 3
1269 392 1364 422 nota
1393 383 1465 424 tibi
1494 384 1672 424 dietum:

515 453 660 490 Plenus
689 450 729 487 in
758 449 925 488 ecclesia
952 449 1144 488 fructibus
1173 457 1258 488 esto
1287 449 1414 488 bonis.
1791 468 1878 491 2020

566 518 672 553 Ante
702 516 822 553 deum
852 528 1000 553 vacuus
1029 527 1149 553 nemo
1178 514 1320 562 veniet,
1353 514 1446 565 quia
1474 517 1605 554 nullus

514 583 662 631 Expers
691 579 843 618 virtutis
872 580 992 619 debet
1020 581 1160 619 adesse
1189 581 1277 619 deo.

512 646 575 685 Sic
604 647 760 696 placare
789 647 867 685 deo
895 646 1100 696 iustosque
1129 660 1297 697 reosque
1326 647 1511 685 sacerdos

513 713 657 760 Debet,
688 720 727 751 et
754 713 806 751 ad
835 714 941 751 celos
970 713 1136 751 fundere
1165 714 1280 751 thura
1308 726 1497 763 precum:

513 778 610 817 Oret
638 791 689 816 ne
717 777 843 816 iustus
871 791 895 815 a
923 777 1077 816 iusticia
1106 779 1233 826 cadat,
1265 786 1349 817 oret

510 845 564 881 Vt
593 856 738 893 prauus
769 851 899 893 surgat
929 850 967 881 et
996 844 1100 881 mala
1128 843 1255 893 prima
1284 845 1385 882 fleat.

511 909 549 948 O
579 922 700 959 quarn
729 922 789 947 res
819 908 916 956 vilis,
948 910 1045 947 dum
1074 908 1267 959 presbiter
1295 917 1354 947 est
1383 917 1423 948 vt
1452 911 1607 958 asellus,

512 974 694 1013 Moribus
723 973 920 1021 indoctus,
953 982 991 1013 et
1021 974 1105 1013 sine
1134 976 1220 1024 lege
1248 973 1383 1013 rudis!

513 1041 561 1077 In
590 1052 757 1078 numero
785 1047 877 1078 sunt
905 1039 1110 1090 presbiteri
1139 1039 1213 1078 celi
1243 1039 1355 1090 quasi
1384 1041 1509 1087 stelle,

511 1104 588 1143 Vix
616 1113 750 1144 tamen
779 1118 827 1144 ex
856 1105 962 1143 mille
992 1104 1024 1143 si
1053 1106 1134 1143 duo
1163 1106 1252 1143 luce
1281 1104 1456 1143 micant:
1793 1121 1879 1151 2030

511 1170 664 1221 Scripta
691 1172 827 1221 legunt
856 1184 930 1209 nec
960 1170 1104 1221 scripta
1133 1170 1273 1218 sciunt,
1305 1170 1410 1209 tonsi
1439 1178 1573 1210 tamen
1602 1170 1677 1222 ipsi

510 1238 547 1274 A
576 1238 694 1287 vulgo
723 1236 881 1284 distant,
913 1238 1023 1287 quod
1052 1235 1145 1275 satis
1174 1250 1260 1275 esse
1289 1244 1440 1287 putant.

512 1303 611 1340 Sunt
641 1303 766 1350 tales,
802 1310 841 1341 et
870 1310 962 1340 sunt
990 1301 1055 1340 alii
1085 1315 1185 1352 quos
1214 1303 1338 1340 ardua
1366 1301 1487 1340 virtus

511 1368 637 1406 Ornat
665 1367 706 1405 in
735 1367 914 1416 ecclesia,
944 1367 1012 1417 qui
1040 1368 1148 1406 bona
1175 1369 1300 1406 multa
1328 1369 1467 1406 ferunt.

511 1432 667 1471 Emittit
696 1446 861 1471 coruum
892 1435 994 1481 Noe,
1025 1446 1108 1471 non
1137 1433 1238 1472 redit
1267 1433 1360 1481 ille;
1389 1432 1618 1471 columbam

511 1498 677 1546 Emittit,
708 1498 879 1537 reditum
909 1499 1028 1537 missa
1056 1499 1244 1538 columba
1271 1498 1387 1537 facit:

510 1564 574 1603 Sic
604 1572 642 1603 et
670 1564 711 1602 in
740 1564 907 1603 ecclesia
936 1572 1026 1603 sunt
1055 1564 1164 1603 corui
1194 1572 1365 1614 suntque
1393 1564 1591 1611 columbe,

510 1631 610 1669 Sunt
639 1643 730 1668 cum
759 1632 849 1669 felle
878 1629 984 1677 mali,
1014 1637 1105 1668 sunt
1135 1629 1219 1668 sine
1249 1631 1338 1668 felle
1368 1629 1474 1667 boni.

510 1697 607 1736 Cras
635 1696 804 1747 primam
833 1704 1005 1744 cantant,
1037 1710 1128 1735 cum
1158 1710 1199 1735 se
1229 1703 1460 1735 conuertere
1489 1697 1655 1743 tardant,

510 1763 577 1800 Set
605 1761 706 1800 tollit
735 1764 830 1801 tales
861 1775 955 1812 sepe
984 1775 1168 1812 suprema
1196 1761 1306 1800 dies:
1789 1778 1875 1809 2040

508 1829 625 1866 Tales
655 1835 746 1866 sunt
774 1826 883 1878 pigri,
915 1840 1014 1877 quos
1044 1826 1185 1866 mundi
1212 1826 1370 1865 vincula
1398 1833 1574 1874 nectunt,

508 1895 595 1931 Nec
624 1892 818 1943 promissa
846 1892 911 1932 dei
940 1906 1060 1944 regna
1089 1892 1194 1931 sitire
1223 1894 1372 1930 volunt.

509 1958 670 1997 Ordinis
699 1958 783 2009 ipse
813 1958 872 1997 sui
902 1958 970 2008 qui
999 1966 1129 1997 seruat
1157 1957 1241 1996 iura
1269 1959 1466 2004 sacerdos,

509 2024 647 2062 Rebus
677 2032 715 2062 et
745 2023 934 2074 exemplis
963 2025 1151 2074 dogmata
1180 2030 1316 2062 sancta
1345 2024 1506 2070 docens,

507 2090 601 2127 Non
630 2090 759 2127 honor
788 2096 847 2127 est
875 2096 1019 2136 tantus,
1051 2102 1131 2138 quo
1160 2102 1243 2126 non
1273 2088 1321 2126 sit
1350 2088 1391 2126 in
1421 2087 1560 2127 ordine
1589 2087 1748 2138 dignus,

507 2156 612 2192 Laus
642 2153 717 2192 sibi
745 2167 820 2192 nec
849 2153 985 2203 populi
1015 2153 1170 2201 sufficit,
1198 2153 1323 2192 immo
1352 2153 1440 2192 dei:

508 2221 556 2257 In
586 2220 690 2257 clero
719 2220 858 2266 fateor,
885 2231 986 2268 quos
1013 2218 1207 2268 approbat
1235 2219 1359 2257 ardua
1386 2217 1522 2266 virtus,

508 2285 672 2322 Illorum
702 2283 842 2322 merito
870 2283 1000 2334 gracia
1029 2283 1153 2321 maior
1181 2283 1263 2322 erit.

444 2418 673 2461 Postquam
687 2417 793 2452 dixit
807 2416 858 2451 de
872 2426 1014 2451 errore
1028 2416 1192 2450 illorum
1207 2415 1276 2460 qui
1289 2416 1402 2450 inter
1415 2416 1630 2451 seculares
1641 2416 1871 2452 sacerdocii

395 2477 672 2512 ministerium
686 2476 766 2511 sibi
779 2477 1111 2519 assumpserunt,
1123 2475 1304 2509 intendit
1318 2475 1455 2509 dicere
1469 2475 1696 2510 secundum
1706 2477 1871 2520 tempus

396 2546 506 2570 nunc
524 2537 575 2570 de
592 2546 732 2571 errore
749 2535 986 2574 scolarium,
1005 2533 1074 2578 qui
1092 2533 1268 2568 ecclesie
1285 2534 1472 2578 plantule
1489 2534 1692 2569 dicuntur.

196 2617 324 2668 Capm.
348 2616 473 2655 xxviii.
566 2615 742 2654 Nomine
771 2615 845 2654 sub
874 2614 967 2653 cleri
995 2613 1256 2664 cognouimus
1285 2627 1370 2652 esse
1399 2615 1584 2662 scolares,

507 2681 685 2720 Ecclesie
714 2682 868 2731 plantas
897 2693 998 2730 quos
1027 2686 1142 2718 vocat
1168 2678 1253 2729 ipse
1283 2680 1392 2717 deus.
1784 2693 1868 2728 2050

506 2746 592 2785 Orti
621 2745 747 2785 diuini
776 2746 907 2784 bonus
937 2752 1041 2784 extat
1070 2746 1205 2794 planta
1233 2744 1405 2792 scolaris,

506 2810 685 2849 Ecclesie
714 2812 862 2849 fructus
892 2823 970 2860 que
999 2809 1092 2848 facit
1121 2822 1207 2848 esse
1236 2810 1376 2848 bonos.

506 2875 587 2926 Qui
616 2877 748 2915 studet
777 2876 817 2913 in
846 2888 1002 2914 morum
1031 2874 1158 2913 causis
1189 2882 1228 2914 et
1256 2888 1338 2913 non
1367 2874 1571 2922 viciorum,
