2912 4368
799 845 985 885 LIBER
1026 846 1338 887 SEPTIMUS
1722 852 1803 902 289

340 951 526 997 Flatibus,
559 952 662 989 vnda
692 951 800 997 cibis,
833 959 1010 1002 terraque
1041 952 1145 991 mille
1174 952 1300 991 bonis.

339 1016 405 1054 Set
435 1017 543 1065 quod
574 1030 614 1054 es
645 1018 748 1055 vnde
777 1017 880 1055 tibi?
921 1018 1029 1067 quod
1058 1018 1179 1056 habes
1210 1018 1295 1067 quis
1327 1017 1491 1068 prebet?
1550 1020 1771 1069 Vtrumque

339 1082 489 1130 Sponte
520 1082 609 1120 facit
640 1081 763 1131 pietas
793 1082 918 1121 dulcis
948 1090 986 1121 et
1015 1084 1145 1131 ampla
1176 1082 1261 1121 dei:

340 1148 419 1194 Qui
450 1146 520 1184 tibi
550 1155 588 1186 te
618 1147 794 1186 tribuens
825 1161 910 1186 5656
940 1147 1129 1197 promisit,
1161 1161 1289 1198 eoque

340 1212 433 1250 Non
464 1212 600 1250 habuit
630 1214 769 1250 melius
799 1214 907 1262 quod
937 1214 1046 1251 daret
1076 1214 1159 1262 ipse
1188 1214 1296 1252 deus,

395 1278 542 1315 Nonne
572 1276 771 1326 superbire
801 1290 1094 1327 quemcumque
1124 1279 1247 1315 virum
1279 1280 1392 1318 decet
1423 1292 1513 1329 ergo

340 1342 488 1380 Contra
517 1343 703 1380 mandata
734 1355 811 1391 que
841 1342 951 1380 dedit
981 1343 1063 1392 ipse
1093 1344 1221 1381 deus?
1740 1351 1804 1384 620

339 1407 481 1445 Celum
511 1408 653 1445 deiecit
683 1415 740 1445 set
770 1415 808 1445 et
838 1408 921 1445 odit
951 1415 1050 1446 terra
1079 1408 1302 1458 superbum,

339 1472 453 1510 Solus
483 1480 520 1510 et
551 1473 689 1510 inferni
722 1473 762 1510 fit
792 1474 901 1510 locus
931 1481 1044 1521 aptus
1075 1474 1121 1511 ei.

340 1538 434 1575 Hoc
467 1539 612 1575 etenim
643 1538 743 1575 vicio
773 1546 920 1575 tactum
950 1539 1021 1576 fuit
1052 1546 1089 1576 et
1120 1540 1316 1584 viciatum,

341 1603 463 1650 Quod
492 1604 644 1652 genitor
674 1604 820 1651 primus
852 1603 1021 1652 protulit,
1054 1616 1173 1642 omne
1201 1616 1351 1653 genus:

341 1668 390 1705 In
420 1667 550 1705 radice
580 1668 650 1705 fuit
680 1670 808 1706 omnis
838 1669 978 1707 viciata
1007 1682 1191 1719 propago,

341 1732 434 1780 Quo
465 1733 657 1769 mundum
689 1735 900 1783 quicquam
931 1735 1102 1772 mundus
1132 1733 1277 1772 habere
1308 1736 1453 1784 nequit.

342 1798 435 1835 Non
466 1799 536 1835 fuit
568 1799 605 1835 in
637 1800 787 1836 mundo
818 1800 884 1848 qui
914 1800 1109 1836 mundum
1139 1799 1424 1846 mundificaret‚

343 1863 429 1900 Nec
458 1863 567 1911 quod
598 1864 636 1900 in
667 1864 742 1901 hoc
773 1865 885 1902 venie
916 1872 1047 1913 posset
1078 1864 1222 1903 habere
1252 1866 1407 1903 locum:

342 1927 408 1965 Set
438 1928 582 1976 pietate
612 1930 715 1976 prius
747 1930 812 1977 qui
844 1930 1023 1967 condidit
1053 1930 1186 1967 omnia
1216 1931 1333 1977 solus,

344 1992 416 2030 Ille
446 1993 670 2030 reformauit
701 2001 738 2031 et
769 1994 960 2043 separauit
991 2008 1099 2043 opus.
1743 2002 1807 2041 630

342 2058 509 2107 Accepit
539 2059 639 2096 serui
669 2059 834 2096 formam
866 2072 1081 2108 seruosque
1111 2061 1288 2106 redemit,

345 2122 539 2161 Demonis
570 2131 607 2161 et
638 2125 746 2173 quod
777 2132 856 2162 erat
887 2125 1030 2162 fecerat
1060 2138 1145 2163 esse
1175 2126 1263 2163 dei:

344 2189 467 2225 Hunc
497 2189 610 2237 igitur
639 2197 813 2238 superest
844 2190 990 2228 deuota
1020 2198 1153 2228 mente
1184 2190 1369 2240 sequaris,

342 2253 474 2301 thue
504 2261 614 2291 tuum
644 2254 852 2292 dominum
883 2256 1104 2293 confitearis
1135 2269 1251 2303 eum3

343 2320 658 2369 Preceptumque
688 2321 785 2367 leue,
818 2320 980 2358 vetitum
1012 2334 1091 2359 non
1122 2329 1280 2372 tangere
1310 2322 1469 2369 crimen,

344 2383 384 2422 Si
413 2391 497 2422 toto
527 2384 699 2434 sequeris
730 2386 859 2432 corde,
892 2385 1030 2424 beatus
1060 2386 1145 2425 eris.

391 2512 468 2546 Hic
494 2515 655 2547 tractat
681 2513 860 2555 qualiter
891 2514 1014 2547 homo
1044 2514 1192 2548 dicitur
1220 2516 1356 2548 minor
1386 2516 1584 2554 mundus3
1612 2516 1673 2549 ita
1699 2516 1808 2559 quod

345 2571 569 2604 secundum
587 2571 664 2604 hoe
685 2571 791 2613 quod
808 2572 931 2605 homo
947 2573 1050 2606 bene
1067 2573 1136 2606 vel
1154 2574 1262 2606 male
1281 2574 1380 2616 agit,
1397 2574 1574 2607 mundus
1593 2574 1726 2609 bonus
1742 2574 1810 2608 vel

344 2630 479 2663 malus
506 2639 578 2672 per
604 2639 864 2672 consequens
890 2630 1046 2664 existit.

204 2719 254 2760 ,μ
278 2710 353 2747 viii.
439 2710 474 2748 O
506 2709 627 2759 pietas
659 2709 823 2757 domini,
854 2709 1059 2759 qualisque
1089 2710 1282 2759 potencia,
1315 2719 1461 2761 quanta

347 2776 498 2821 Gracia,
531 2788 608 2824 que
638 2783 790 2812 tantum
822 2776 964 2813 fecerat
994 2789 1079 2814 esse
1108 2776 1257 2814 virum!

347 2839 416 2876 Vir
446 2841 543 2888 sapit
573 2841 756 2888 angelicis
787 2853 875 2877 cum
908 2840 1070 2887 cetibus,
1102 2841 1206 2879 vnde
1237 2854 1465 2890 supremum

349 2905 447 2942 Esse
477 2912 690 2942 creatorem
721 2906 847 2943 noscit
877 2906 915 2942 in
946 2906 1041 2943 orbe
1071 2906 1215 2944 deum:
1744 2913 1809 2954 640

348 2970 473 3007 Sentit
504 2978 540 3007 et
570 2970 677 3007 audit
708 2970 838 3016 homo,
870 2979 1009 3019 gustat,
1041 2970 1157 3017 videt,
1190 2971 1376 3017 ambulat,
1409 2972 1513 3009 vnde

348 3036 497 3072 Nature
527 3034 698 3083 speciem
729 3036 798 3073 fert
828 3036 1007 3073 animalis
1037 3036 1181 3073 bomo:

348 3100 450 3138 Cum
481 3107 611 3136 tamen
641 3099 844 3138 arboribus
875 3101 995 3138 homo
1025 3100 1174 3147 crescit,
1207 3107 1244 3139 et
1274 3101 1424 3149 optinet
1455 3113 1539 3139 esse

348 3165 395 3201 In
426 3165 600 3213 lapidum
632 3164 753 3201 forma
784 3166 1020 3214 proprietate
1051 3178 1143 3203 sua:

346 3230 410 3266 Sic
441 3230 567 3266 minor
597 3236 654 3266 est
684 3230 855 3267 mundus
885 3231 1017 3276 homo,
1050 3230 1117 3279 qui
1148 3231 1218 3268 fert
1249 3229 1400 3279 singula
1431 3231 1547 3276 solus,

348 3294 427 3331 Soli
458 3295 562 3331 solus
594 3295 712 3331 homo
744 3295 808 3331 dat
839 3307 945 3332 sacra
974 3303 1064 3333 vota
1095 3296 1184 3333 deo.

349 3360 420 3396 Est
451 3359 570 3396 homo
602 3358 667 3407 qui
698 3360 868 3396 mundus
898 3360 947 3397 de
977 3359 1058 3398 iure
1089 3373 1159 3398 suo
1190 3360 1263 3398 sibi
1294 3360 1487 3398 mundum

350 3423 501 3468 Subdit‚
535 3431 571 3461 et
601 3422 640 3460 in
671 3424 810 3460 melius
840 3424 969 3472 dirigit
1000 3425 1092 3462 inde
1123 3432 1271 3463 status:

351 3488 390 3525 Si
420 3495 552 3526 tamen
583 3488 796 3525 inmundus
828 3495 896 3535 est,
928 3501 1004 3538 que
1038 3497 1124 3527 sunt
1155 3490 1306 3539 singula
1336 3489 1474 3528 mundi

408 3551 504 3571 *28⁷3*
1067 3565 1095 3592 U
