2121 3173
573 243 868 286 SECUNDA
900 243 1056 284 PARS
1569 253 1648 293 323

193 353 381 402 Dumque
409 350 550 390 timent
578 358 725 402 gentes,
756 352 858 389 clam
887 357 978 389 sunt
1007 363 1087 388 sua
1115 350 1238 388 facta
1265 354 1454 399 gerentes.
1569 352 1754 390 cautelose,
1771 352 1984 384 sicutaudis2

1567 396 1621 436 tis,
1632 396 1871 436 condempnari
1880 398 1985 436 spira-

190 418 341 455 Assunt
369 424 534 455 tortores
563 418 614 455 de
642 423 839 467 nocteque
868 415 1097 454 feruidiores
1569 444 1668 470 uerat
1732 444 1852 479 postea
1899 441 1986 471 infra

192 481 364 532 Cignum
393 489 630 532 prostratum
659 481 835 532 iugulant
864 481 975 531 quasi
1005 479 1351 519 martirizatum:
1571 466 1706 522 tempus
1725 485 1984 533 ‘quosdam-tor-

192 546 347 586 Calisiis
376 554 509 585 actum
538 546 694 585 sceleris
722 546 795 585 fuit
824 548 900 585 hoc
930 547 1192 592 malefactum,
1571 527 1985 602 {ssfgff‘n0⁵¹bc¹0n‘s¹e¹³j¹{‡atffs'

194 611 315 662 Regis
344 619 542 662 precepto,
574 611 709 662 iugulo
739 611 807 662 qui
836 612 981 662 gaudet
1009 612 1166 661 adepto.
1572 614 1985 664 §alisias‚vbiduxadhuc

193 676 256 715 Sic
285 690 383 715 nece
412 676 627 724 deuictum,
661 677 716 716 sic
746 691 888 728 corpus
917 677 968 715 ab
998 678 1112 715 hoste
1141 675 1331 722 relietum,
1570 663 1984 741 ἴξὲἒζῐζὲξῐῗςῗζξυῗῇῗρ

191 743 305 782 Clam
334 743 385 780 de
413 742 595 780 conclaui
623 750 847 793 susceperat
876 742 1019 792 Anglia
1047 741 1139 780 naui
1154 756 1164 789 ;
1490 753 1552 776 100
1570 745 1807 784 aduenientes,
1830 746 1877 795 acl⁸
1894 746 1985 784 regis

194 809 267 846 Per
296 820 402 845 mare
431 807 645 857 regreditur
674 821 827 858 corpus,
859 820 933 845 nec
961 808 1092 845 adhuc
1122 805 1317 856 sepelitur,
1570 788 1985 872 ξζὲςθὲἑῖἳυξθθξςῗὲἰ

194 874 379 922 Namque
409 874 649 922 sepulturam
679 872 856 911 defendit
888 874 974 911 Rex
1002 871 1077 910 sibi
1105 884 1267 922 puram:
1571 880 1654 914 tat0‚
1682 876 1802 906 ducem
1826 876 1986 915 improui-

194 939 375 988 Desuper
402 951 425 976 a
453 939 572 976 latere
601 938 720 988 patris
748 940 836 977 loca
864 937 966 976 iusta
994 945 1127 976 tenere
1570 919 1985 1002 ssflffggffi‘ssffl‘g‘gffffiff

194 1004 428 1041 Dummodo
457 1002 637 1053 quesiuit,
668 1003 731 1041 vix
760 1003 875 1042 bassa
903 1004 1081 1053 sepulcra
1110 1000 1267 1040 subiuit.
1570 1007 1666 1037 malis
1705 1006 1891 1038 mortaliter
1928 1008 1986 1038 de-

1572 1060 1727 1089 pressum
1739 1050 1866 1090 absque
1879 1051 1985 1090 pieta-

193 1068 229 1107 O
259 1081 337 1118 que
365 1069 515 1118 nephas
544 1070 631 1115 tale,
663 1070 772 1118 quod
801 1082 874 1107 nec
903 1068 962 1107 ius
992 1067 1203 1118 imperiale,
1568 1099 1602 1124 te
1619 1094 1729 1125 subito
1742 1095 1963 1126 suffocarunt.

193 1134 259 1171 Set
288 1146 418 1183 neque
446 1135 508 1172 lex
538 1133 655 1173 Cristi
684 1134 835 1184 proceri
865 1134 920 1172 sic
949 1132 1116 1172 contulit
1144 1131 1233 1170 isti!

194 1197 289 1236 Eius
318 1197 424 1236 enim
454 1198 532 1236 vita
560 1198 674 1249 periit
703 1198 786 1237 sine
815 1199 897 1237 iure
927 1198 1064 1249 sopita,

194 1264 244 1301 Et
273 1276 378 1301 mors
408 1262 491 1301 eius
521 1263 574 1301 ita
602 1271 718 1314 negat
747 1278 832 1303 esse
861 1266 1040 1315 sepulcra
1068 1262 1200 1314 petita.

195 1328 314 1365 Heu!
353 1327 441 1377 quis
471 1327 549 1366 iam
578 1328 685 1376 viuit,
716 1343 890 1379 vnquam
921 1328 988 1379 qui
1017 1328 1109 1366 talia
1138 1326 1263 1374 sciuit,

193 1392 256 1431 Sic
286 1392 385 1443 regis
416 1400 553 1431 natum
582 1407 652 1443 per
680 1407 812 1444 regem
843 1394 1154 1433 mortificatum?
1493 1405 1556 1428 110

194 1460 313 1496 Heu!
352 1458 445 1508 quia
473 1459 610 1509 regalis
640 1459 754 1510 stirps
783 1459 951 1510 Anglica
980 1467 1060 1498 tam
1090 1457 1269 1509 specialis

195 1523 315 1574 Regis
345 1532 532 1574 precepto
560 1524 674 1575 periit
704 1525 788 1564 sine
817 1525 981 1564 crimine
1010 1531 1137 1575 cepto.

194 1590 313 1627 Heu!
352 1588 444 1639 quia
473 1596 665 1627 tortorum
695 1590 857 1640 quidam
887 1592 937 1629 de
967 1597 1071 1628 sorte
1100 1590 1294 1627 malorum

195 1653 259 1693 Sic
288 1653 401 1692 ducis
431 1654 545 1693 electi
574 1657 797 1706 plumarum
828 1657 1004 1706 pondere
1033 1654 1124 1693 lecti

195 1719 349 1769 Corpus
379 1727 607 1769 quassatum
638 1719 815 1770 iugulant
843 1734 921 1770 que
950 1727 1093 1758 necant
1122 1719 1366 1769 iugulatumg

196 1785 319 1832 Quod
347 1783 464 1821 nimis
494 1783 689 1833 ingratum
719 1785 828 1823 dolet
857 1785 1001 1834 Anglia
1029 1791 1112 1822 tota
1140 1785 1317 1822 relatum.

196 1849 274 1886 Det
303 1849 401 1886 deus
430 1849 507 1886 hoc
536 1850 671 1895 fatum,
703 1848 751 1886 sit
780 1850 911 1887 adhuc
940 1850 1050 1898 quod
1079 1861 1221 1897 corpus
1249 1848 1469 1894 humatum,

196 1912 361 1962 Spiritus
389 1920 509 1961 atque
539 1920 683 1950 statum
713 1920 845 1951 teneat
874 1912 958 1951 sine
987 1914 1065 1951 fine
1094 1913 1279 1950 beatum!

251 1979 321 2015 Est
350 1976 573 2016 recitandus
604 1979 725 2027 Equs,
759 1977 908 2027 Cignus
937 1977 1029 2027 quia
1058 1976 1216 2027 preterit
1245 1989 1366 2026 equs:
1618 1982 1774 2022 Qualiter
1791 1983 1915 2014 Comes
1938 1983 1985 2014 Α-

196 2043 290 2080 Non
320 2044 392 2080 hos
422 2050 548 2080 morte
577 2042 659 2092 pari
687 2043 810 2081 voluit
839 2056 921 2081 sors
951 2041 1180 2093 equiparari.
1495 2057 1556 2079 120
1574 2027 1740 2077 runfielhe
1755 2027 1916 2100 {Qbffnpm
1933 2038 1985 2058 ‘e'

1576 2081 1619 2110 ge
1641 2081 1675 2101 1n
1692 2081 1753 2110 par
1768 2075 1915 2102 iamento
1932 2081 1984 2101 ac-

196 2109 282 2146 Rex
311 2109 432 2155 sedet,
464 2115 502 2145 et
530 2107 662 2146 cuncti
691 2109 862 2147 fautores
891 2115 985 2146 tunc
1015 2108 1089 2146 sibi
1117 2107 1241 2146 iuncti
1574 2115 1775 2164 cusatus‚ad
1789 2125 1830 2164 ea
1843 2115 1985 2163 quesibi

196 2174 294 2210 Sunt
323 2171 378 2210 ibi
406 2180 606 2222 presentes
635 2174 686 2211 ad
717 2175 849 2223 Equm
878 2175 981 2211 mala
1008 2175 1120 2223 plura
1148 2175 1355 2223 loquentes
1371 2187 1381 2220 3
1574 2158 1773 2241 ξξέἓῒέἑζξ
1795 2159 1986 2241 Ἑξῑῑξέίῗὲἒ

197 2239 356 2287 Isteque
386 2239 491 2275 solus
522 2245 613 2285 erat,
645 2251 722 2288 que
751 2239 871 2277 deum
901 2240 1154 2277 solummodo
1183 2246 1323 2289 sperat,
1573 2245 1707 2284 singula
1723 2226 1789 2284 qu'e
1802 2246 1986 2285 peripsum

197 2302 289 2350 Quo
318 2301 405 2352 pius
435 2310 472 2340 et
501 2302 609 2340 fortis
638 2302 852 2352 permansit
880 2305 931 2342 ad
960 2303 1095 2342 vltima
1124 2303 1271 2341 mortis.
1574 2289 1986 2363 ῗξίξῖῖξὸᾖῗξυῃάξὲῒὲἓξ

197 2368 283 2405 Rex
311 2366 417 2417 prius
446 2375 614 2415 accusat,
647 2376 685 2406 et
715 2370 825 2418 Equs
855 2370 981 2407 scelus
1011 2382 1130 2407 omne
1159 2376 1322 2416 recusat,
1573 2380 1642 2406 tum
1660 2377 1702 2407 ad
1717 2377 1807 2415 regis
1820 2343 1986 2407 ffongrem

197 2433 439 2470 Pretendens
468 2432 647 2482 regisque
676 2432 800 2483 sigilla
829 2434 902 2471 sub
932 2433 1069 2472 ordine
1098 2432 1193 2483 legis
1573 2420 1986 2494 Ξὲῗεῑιμὲξῗὶῗῐξέἶξξῖξὲἶ

199 2497 359 2536 Cartam
388 2497 633 2544 monstrauit,
665 2511 744 2547 qua
772 2498 898 2537 tucior
927 2511 1011 2536 esse
1041 2497 1217 2548 putauit:
1572 2508 1686 2537 cundo
1703 2508 1795 2538 enim
1812 2488 1985 2546 regis⁷car-

199 2562 293 2598 Non
322 2560 394 2598 fuit
422 2561 573 2610 absque
602 2569 706 2609 nota,
738 2562 844 2612 prius
875 2570 932 2601 est
961 2561 1175 2600 concordia
1202 2569 1307 2600 nota.
1571 2551 1811 2625 ξζῗιίἓξὲζᾶῗξ
1822 2555 1986 2624 Ρεῖξὲἷξὶὲξ

199 2627 265 2664 Set
295 2639 361 2664 rex
390 2626 552 2664 cautelis
582 2626 749 2665 Comitis
778 2641 966 2677 responsa
995 2626 1121 2665 fidelis
1572 2638 1794 2668 testificantes
1811 2605 1857 2668 pin
1897 2638 1984 2668 auri<

198 2690 371 2729 Caucius
402 2689 573 2737 extinxit,
605 2703 682 2740 que
711 2692 824 2730 dolos
855 2692 928 2729 sub
958 2693 1094 2729 fraude
1123 2690 1286 2729 refinxit.
1491 2707 1552 2739 130
1571 2681 1985 2755 {³122032Lunssifflfffisgg}

197 2757 232 2793 T
235 2769 312 2793 unc
342 2755 553 2804 conspirati
582 2769 672 2794 cum
703 2769 791 2806 rege
821 2770 898 2806 que
927 2755 1166 2805 magnificati
1573 2735 1761 2806 ille,i})0ram
1775 2778 1842 2807 quo
1854 2749 1982 2797 nullum

200 2819 320 2870 Regis
349 2819 526 2870 predicta
555 2821 757 2858 firmarunt
786 2820 920 2859 omnia
949 2820 1063 2859 dicta.
1572 2811 1624 2860 inf,
1649 2812 1813 2860 proce-dtr,
1838 2821 1897 2841 rex
1923 2811 1982 2841 im-

1572 2865 1649 2895 pius
1661 2855 1804 2886 Comms
1818 2864 1982 2894 responsa

430 2901 489 2931 118
508 2900 592 2942 fine]
611 2901 685 2932 labe
705 2901 737 2932 H
875 2912 932 2941 131
953 2901 1165 2941 magnificate
1182 2902 1209 2933 C

783 2970 850 2995 Y2
