2121 3173
429 245 510 296 364

813 240 852 282 O
895 238 1059 280 DEUS
1101 235 1388 278 IMMENSE
1429 246 1521 276 ETc.

538 348 624 388 Sint
653 360 723 386 sua
752 348 855 384 facta
883 346 1000 391 bona,
1032 343 1226 381 recoletur
1254 348 1295 379 vt
1323 340 1417 379 inde
1445 351 1602 378 corona.

538 413 665 464 Regia
691 412 906 463 precedant
935 409 1142 447 benefacta
1171 420 1249 457 que
1277 405 1441 444 crimina
1469 406 1624 451 cedant,

538 478 658 516 Viuat
685 485 726 515 vt
754 484 890 514 eterno
919 473 975 512 sic
1005 475 1092 512 Rex
1121 485 1212 511 cum
1243 473 1354 521 Rege
1382 483 1578 521 superno:

538 544 703 592 Absque
732 542 809 579 deo
837 552 938 578 vana
967 551 1059 577 cum
1088 537 1137 576 sit
1165 536 1237 575 tibi
1265 535 1466 575 cotidiana

540 610 702 658 Pompa,
734 603 961 650 recorderis,
993 602 1078 642 sine
1106 603 1224 641 laude
1253 600 1319 640 dei
1348 599 1535 639 morieris.

540 674 627 711 Rex
655 670 730 710 sibi
759 669 827 720 qui
856 669 1053 707 mundum
1082 668 1227 718 prefert
1256 665 1511 716 Cristumque
1540 664 1761 704 secundum

540 735 717 786 Linquit,
745 733 952 773 adherebit
981 733 1047 772 vbi
1076 732 1165 772 finis
1194 733 1312 771 laude
1341 730 1516 770 carebit:

534 801 660 852 Regis
690 800 797 840 enim
826 800 906 839 vita
934 812 1026 838 eum
1056 798 1105 837 sit
1134 797 1218 836 sine
1247 797 1364 835 laude
1394 795 1532 846 sopita,

541 868 702 906 Nomen
731 872 813 904 erat
842 866 969 915 quale,
1001 863 1113 903 dabit
1141 862 1278 902 vltima
1307 861 1466 901 cronica
1494 861 1582 899 tale.

542 933 593 971 Et
622 930 677 969 sic
707 931 906 969 concludo
935 928 1107 967 breuiter
1135 929 1186 967 de
1215 926 1390 966 carmine
1418 927 1540 973 nudo,

542 996 694 1036 Ordine
723 1008 804 1046 quo
833 1002 998 1045 regnant
1028 995 1169 1044 Reges,
1201 1005 1272 1031 sua
1299 991 1464 1030 nomina
1491 997 1694 1041 pregnant.

542 1063 635 1111 Quo
664 1068 783 1111 caput
811 1060 1023 1107 infirmum,
1055 1058 1177 1097 nichil
1205 1065 1265 1097 est
1293 1058 1344 1096 de
1373 1069 1538 1106 corpore
1566 1056 1735 1101 firmum,

543 1127 660 1165 Plebs
690 1139 821 1176 neque
849 1126 1036 1172 firmatur,
1067 1123 1134 1162 vbi
1162 1123 1283 1161 virtus
1312 1135 1395 1160 non
1424 1120 1661 1160 dominatur.

544 1194 631 1231 Rex
660 1191 728 1242 qui
757 1204 935 1230 securam
964 1189 1092 1229 laudis
1121 1190 1204 1227 vult
1233 1201 1392 1238 carpere
1420 1200 1571 1234 curam,

545 1257 719 1297 Cristum
748 1263 957 1307 preponat,
986 1256 1116 1306 Reges
1147 1253 1215 1304 qui
1243 1254 1361 1292 laude
1389 1259 1577 1291 coronat:

545 1324 651 1361 Nam
681 1321 749 1372 qui
778 1319 968 1371 presumit
997 1321 1048 1359 de
1077 1333 1129 1367 se,
1161 1331 1253 1358 cum
1283 1319 1371 1369 plus
1401 1316 1476 1355 sibi
1505 1315 1636 1362 sumit,

546 1387 643 1426 Fine
669 1399 806 1425 carens
835 1386 952 1424 laude
982 1393 1057 1424 stat
1085 1386 1191 1423 fama
1219 1384 1444 1434 retrograda
1472 1382 1612 1421 caude.

547 1452 670 1492 Omni
698 1450 847 1490 viuenti
876 1452 983 1489 scola
1011 1449 1181 1501 pertinet
1209 1449 1283 1487 ista
1310 1447 1470 1499 regenti,

547 1516 741 1567 Displicet
770 1516 835 1554 hic
863 1515 970 1566 genti
999 1514 1067 1565 qui
1096 1528 1178 1553 non
1206 1516 1336 1564 placet
1365 1511 1647 1563 omnipotenti,

548 1581 690 1620 Gracia
719 1580 906 1627 succedit,
938 1578 1086 1618 meritis
1114 1578 1182 1617 vbi
1211 1580 1328 1628 culpa
1356 1577 1529 1616 recedit:

548 1646 629 1697 Qui
658 1646 713 1685 sic
741 1659 824 1685 non
852 1645 988 1692 credit,
1019 1658 1089 1683 sua
1118 1646 1206 1683 Rex
1233 1642 1376 1694 regalia
1404 1643 1510 1682 ledit.

602 1713 697 1750 Non
727 1724 774 1749 ex
802 1709 910 1748 fatali
938 1723 1032 1748 casu
1061 1717 1120 1748 set
1149 1707 1323 1747 iudiciali

549 1777 731 1815 Pondere
759 1774 878 1825 regali
906 1782 982 1813 stat
1011 1773 1210 1813 medicina
1237 1773 1341 1812 mali.

549 1842 667 1881 Plebs
696 1848 737 1880 vt
766 1840 871 1894 ouile
899 1839 1036 1891 gregiS‚
1068 1852 1173 1878 mors
1202 1838 1372 1888 vitaque,
1403 1839 1536 1889 regula
1563 1838 1670 1889 legis,

550 1907 632 1946 Sub
662 1906 845 1945 manibus
875 1904 996 1957 Regis
1026 1912 1117 1943 sunt
1146 1917 1192 1943 ea
1221 1911 1370 1954 quanta
1397 1903 1505 1954 legis.

549 1974 679 2011 Tanta
706 1971 798 2010 licet
826 1983 974 2021 pronus
1003 1983 1074 2020 pro
1105 1976 1285 2019 tempore
1314 1970 1381 2008 det
1410 1968 1482 2008 tibi
1511 1969 1676 2007 thronus
1692 1983 1702 2017 ;

550 2036 608 2076 Sit
636 2036 711 2075 nisi
740 2037 819 2076 fine
847 2036 987 2082 bonus,
1019 2047 1102 2074 non
1130 2035 1259 2073 honor
1287 2041 1346 2072 est
1374 2041 1433 2073 set
1462 2047 1574 2072 onus.

552 2104 638 2141 Rex
667 2101 781 2151 igitur
809 2100 940 2140 videat
969 2113 1060 2139 cum
1089 2113 1203 2138 curru
1233 2100 1438 2149 quomodo
1466 2100 1595 2146 vadat,

553 2169 604 2207 Et
633 2166 708 2205 sibi
736 2165 954 2216 prouideat,
985 2178 1035 2203 ne
1065 2172 1150 2204 rota
1178 2177 1288 2204 versa
1317 2165 1443 2204 cadat.

606 2232 794 2270 Celorum
825 2229 925 2280 Regi
953 2236 1114 2279 pateant
1143 2241 1220 2279 que
1249 2228 1393 2279 scripta
1421 2228 1563 2279 peregi,

553 2297 738 2347 Namque
767 2307 836 2335 sue
864 2294 940 2347 legi
968 2307 1028 2334 res
1057 2293 1194 2345 nequit
1222 2294 1298 2333 vlla
1325 2293 1414 2345 tegi.

1862 735 1905 765 80

1867 1395 1910 1429 90

1851 2048 1913 2072 100
