<?xml version="1.0" encoding="UTF-8"?>
<!DOCTYPE html PUBLIC "-//W3C//DTD XHTML 1.0 Transitional//EN"
    "http://www.w3.org/TR/xhtml1/DTD/xhtml1-transitional.dtd">
<html xmlns="http://www.w3.org/1999/xhtml" xml:lang="en" lang="en">
 <head>
  <title>
</title>
<meta http-equiv="Content-Type" content="text/html;charset=utf-8" />
  <meta name='ocr-system' content='tesseract 3.04.00' />
  <meta name='ocr-capabilities' content='ocr_page ocr_carea ocr_par ocr_line ocrx_word'/>
</head>
<body>
  <div class='ocr_page' id='page_1' title='image "./completeworksofj04gowe_0296.png"; bbox 0 0 2095 3173; ppageno 0'>
   <div class='ocr_carea' id='block_1_1' title="bbox 447 240 523 278">
    <p class='ocr_par' dir='ltr' id='par_1_1' title="bbox 447 240 523 278">
     <span class='ocr_line' id='line_1_1' title="bbox 447 240 523 278; baseline 0 0"><span class='ocrx_word' id='word_1_1' title='bbox 447 240 523 278; x_wconf 88' lang='lat'><strong>194</strong></span> 
     </span>
    </p>
   </div>
   <div class='ocr_carea' id='block_1_2' title="bbox 916 225 1447 268">
    <p class='ocr_par' dir='ltr' id='par_1_2' title="bbox 916 225 1447 268">
     <span class='ocr_line' id='line_1_2' title="bbox 916 225 1447 268; baseline 0.004 -3"><span class='ocrx_word' id='word_1_2' title='bbox 916 225 1046 267; x_wconf 91' lang='lat' dir='ltr'><strong>VOX</strong></span> <span class='ocrx_word' id='word_1_3' title='bbox 1086 227 1447 268; x_wconf 86' lang='lat' dir='ltr'><strong>CLAMANTIS</strong></span> 
     </span>
    </p>
   </div>
   <div class='ocr_carea' id='block_1_3' title="bbox 548 334 1915 1105">
    <p class='ocr_par' dir='ltr' id='par_1_3' title="bbox 552 334 1468 384">
     <span class='ocr_line' id='line_1_3' title="bbox 552 334 1468 384; baseline -0.001 -11"><span class='ocrx_word' id='word_1_4' title='bbox 552 334 722 384; x_wconf 80' lang='lat' dir='ltr'>Solaque</span> <span class='ocrx_word' id='word_1_5' title='bbox 752 335 807 373; x_wconf 85' lang='lat' dir='ltr'><strong>sic</strong></span> <span class='ocrx_word' id='word_1_6' title='bbox 836 335 945 373; x_wconf 85' lang='lat' dir='ltr'>radix</span> <span class='ocrx_word' id='word_1_7' title='bbox 974 341 1165 372; x_wconf 90' lang='lat' dir='ltr'><strong>centenos</strong></span> <span class='ocrx_word' id='word_1_8' title='bbox 1196 334 1319 371; x_wconf 86' lang='lat' dir='ltr'><strong>inficit</strong></span> <span class='ocrx_word' id='word_1_9' title='bbox 1350 346 1396 372; x_wconf 89' lang='lat' dir='ltr'><strong>ex</strong></span> <span class='ocrx_word' id='word_1_10' title='bbox 1425 346 1468 372; x_wconf 92' lang='lat' dir='ltr'><strong>se</strong></span> 
     </span>
    </p>

    <p class='ocr_par' dir='ltr' id='par_1_4' title="bbox 550 399 1531 449">
     <span class='ocr_line' id='line_1_4' title="bbox 550 399 1531 449; baseline -0.002 -11"><span class='ocrx_word' id='word_1_11' title='bbox 550 402 712 447; x_wconf 88' lang='lat' dir='ltr'><strong>Ramos,</strong></span> <span class='ocrx_word' id='word_1_12' title='bbox 745 401 811 449; x_wconf 92' lang='lat' dir='ltr'><strong>qui</strong></span> <span class='ocrx_word' id='word_1_13' title='bbox 843 401 990 437; x_wconf 90' lang='lat' dir='ltr'><strong>fructus</strong></span> <span class='ocrx_word' id='word_1_14' title='bbox 1020 399 1166 437; x_wconf 86' lang='lat' dir='ltr'><strong>fraudis</strong></span> <span class='ocrx_word' id='word_1_15' title='bbox 1196 400 1235 436; x_wconf 95' lang='lat' dir='ltr'><strong>in</strong></span> <span class='ocrx_word' id='word_1_16' title='bbox 1266 399 1361 437; x_wconf 90' lang='lat' dir='ltr'><strong>orbe</strong></span> <span class='ocrx_word' id='word_1_17' title='bbox 1392 400 1531 437; x_wconf 91' lang='lat' dir='ltr'><strong>ferunt.</strong></span> 
     </span>
    </p>

    <p class='ocr_par' dir='ltr' id='par_1_5' title="bbox 551 465 1577 580">
     <span class='ocr_line' id='line_1_5' title="bbox 551 465 1577 514; baseline 0.001 -11"><span class='ocrx_word' id='word_1_18' title='bbox 551 468 654 504; x_wconf 86' lang='lat' dir='ltr'><strong>Nam</strong></span> <span class='ocrx_word' id='word_1_19' title='bbox 686 478 782 514; x_wconf 86' lang='lat' dir='ltr'><strong>puer</strong></span> <span class='ocrx_word' id='word_1_20' title='bbox 810 478 832 502; x_wconf 87' lang='lat' dir='ltr'><strong>a</strong></span> <span class='ocrx_word' id='word_1_21' title='bbox 860 465 980 502; x_wconf 91' lang='lat' dir='ltr'><strong>veteri</strong></span> <span class='ocrx_word' id='word_1_22' title='bbox 1012 465 1203 513; x_wconf 87' lang='lat' dir='ltr'><strong>deceptus</strong></span> <span class='ocrx_word' id='word_1_23' title='bbox 1233 466 1350 503; x_wconf 86' lang='lat' dir='ltr'><strong>fratre</strong></span> <span class='ocrx_word' id='word_1_24' title='bbox 1381 477 1449 514; x_wconf 90' lang='lat' dir='ltr'><strong>per</strong></span> <span class='ocrx_word' id='word_1_25' title='bbox 1479 466 1577 504; x_wconf 90' lang='lat' dir='ltr'><strong>illud</strong></span> 
     </span>
     <span class='ocr_line' id='line_1_6' title="bbox 551 530 1523 580; baseline 0.001 -12"><span class='ocrx_word' id='word_1_26' title='bbox 551 531 709 579; x_wconf 84' lang='lat' dir='ltr'><strong>Decipit</strong></span> <span class='ocrx_word' id='word_1_27' title='bbox 739 531 975 579; x_wconf 89' lang='lat' dir='ltr'><strong>exemplum,</strong></span> <span class='ocrx_word' id='word_1_28' title='bbox 1008 530 1171 580; x_wconf 88' lang='lat' dir='ltr'><strong>quando</strong></span> <span class='ocrx_word' id='word_1_29' title='bbox 1201 536 1362 568; x_wconf 84' lang='lat' dir='ltr'><strong>senecta</strong></span> <span class='ocrx_word' id='word_1_30' title='bbox 1392 531 1523 569; x_wconf 89' lang='lat' dir='ltr'><strong>venit:</strong></span> 
     </span>
    </p>

    <p class='ocr_par' dir='ltr' id='par_1_6' title="bbox 549 596 1512 645">
     <span class='ocr_line' id='line_1_7' title="bbox 549 596 1512 645; baseline 0 -11"><span class='ocrx_word' id='word_1_31' title='bbox 549 597 612 634; x_wconf 87' lang='lat' dir='ltr'><strong>Sic</strong></span> <span class='ocrx_word' id='word_1_32' title='bbox 642 603 730 645; x_wconf 89' lang='lat' dir='ltr'><strong>post</strong></span> <span class='ocrx_word' id='word_1_33' title='bbox 760 596 966 645; x_wconf 90' lang='lat' dir='ltr'><strong>decipiunt</strong></span> <span class='ocrx_word' id='word_1_34' title='bbox 995 596 1063 645; x_wconf 88' lang='lat' dir='ltr'><strong>qui</strong></span> <span class='ocrx_word' id='word_1_35' title='bbox 1092 596 1219 645; x_wconf 89' lang='lat' dir='ltr'><strong>primo</strong></span> <span class='ocrx_word' id='word_1_36' title='bbox 1249 596 1512 645; x_wconf 88' lang='lat' dir='ltr'><strong>decipiuntur,</strong></span> 
     </span>
    </p>

    <p class='ocr_par' dir='ltr' id='par_1_7' title="bbox 550 662 1424 711">
     <span class='ocr_line' id='line_1_8' title="bbox 550 662 1424 711; baseline 0.001 -12"><span class='ocrx_word' id='word_1_37' title='bbox 550 663 601 699; x_wconf 90' lang='lat' dir='ltr'><strong>Et</strong></span> <span class='ocrx_word' id='word_1_38' title='bbox 630 662 734 699; x_wconf 87' lang='lat' dir='ltr'><strong>fraus</strong></span> <span class='ocrx_word' id='word_1_39' title='bbox 763 662 814 700; x_wconf 93' lang='lat' dir='ltr'><strong>de</strong></span> <span class='ocrx_word' id='word_1_40' title='bbox 844 662 980 700; x_wconf 88' lang='lat' dir='ltr'><strong>fraude</strong></span> <span class='ocrx_word' id='word_1_41' title='bbox 1009 662 1269 710; x_wconf 87' lang='lat' dir='ltr'><strong>multiplicata</strong></span> <span class='ocrx_word' id='word_1_42' title='bbox 1298 662 1424 711; x_wconf 86' lang='lat' dir='ltr'><strong>viget:</strong></span> 
     </span>
    </p>

    <p class='ocr_par' dir='ltr' id='par_1_8' title="bbox 549 728 1915 973">
     <span class='ocr_line' id='line_1_9' title="bbox 549 728 1693 775; baseline -0.001 -9"><span class='ocrx_word' id='word_1_43' title='bbox 549 729 613 766; x_wconf 88' lang='lat' dir='ltr'><strong>Sic</strong></span> <span class='ocrx_word' id='word_1_44' title='bbox 642 728 782 766; x_wconf 87' lang='lat' dir='ltr'><strong>crescit</strong></span> <span class='ocrx_word' id='word_1_45' title='bbox 813 740 1000 766; x_wconf 89' lang='lat' dir='ltr'><strong>numerus</strong></span> <span class='ocrx_word' id='word_1_46' title='bbox 1029 728 1201 775; x_wconf 82' lang='lat' dir='ltr'>fratrum,</span> <span class='ocrx_word' id='word_1_47' title='bbox 1234 728 1277 765; x_wconf 90' lang='lat' dir='ltr'><strong>fit</strong></span> <span class='ocrx_word' id='word_1_48' title='bbox 1307 735 1345 765; x_wconf 90' lang='lat' dir='ltr'><strong>et</strong></span> <span class='ocrx_word' id='word_1_49' title='bbox 1375 728 1474 765; x_wconf 93' lang='lat' dir='ltr'><strong>ordo</strong></span> <span class='ocrx_word' id='word_1_50' title='bbox 1504 728 1693 775; x_wconf 89' lang='lat' dir='ltr'><strong>minutus,</strong></span> 
     </span>
     <span class='ocr_line' id='line_1_10' title="bbox 551 792 1915 843; baseline 0 -13"><span class='ocrx_word' id='word_1_51' title='bbox 551 794 658 830; x_wconf 86' lang='lat' dir='ltr'><strong>Dum</strong></span> <span class='ocrx_word' id='word_1_52' title='bbox 689 794 807 830; x_wconf 90' lang='lat' dir='ltr'><strong>miser</strong></span> <span class='ocrx_word' id='word_1_53' title='bbox 836 793 876 830; x_wconf 91' lang='lat' dir='ltr'><strong>in</strong></span> <span class='ocrx_word' id='word_1_54' title='bbox 906 793 1057 831; x_wconf 86' lang='lat' dir='ltr'><strong>miseris</strong></span> <span class='ocrx_word' id='word_1_55' title='bbox 1086 793 1232 843; x_wconf 85' lang='lat' dir='ltr'><strong>gaudet</strong></span> <span class='ocrx_word' id='word_1_56' title='bbox 1261 792 1408 831; x_wconf 85' lang='lat' dir='ltr'><strong>habere</strong></span> <span class='ocrx_word' id='word_1_57' title='bbox 1437 806 1563 842; x_wconf 88' lang='lat' dir='ltr'><strong>pares.</strong></span> <span class='ocrx_word' id='word_1_58' title='bbox 1830 809 1915 831; x_wconf 89' lang='lat'>1010</span> 
     </span>
     <span class='ocr_line' id='line_1_11' title="bbox 551 858 1557 908; baseline 0.001 -13"><span class='ocrx_word' id='word_1_59' title='bbox 551 860 646 905; x_wconf 88' lang='lat' dir='ltr'><strong>‘Ve,</strong></span> <span class='ocrx_word' id='word_1_60' title='bbox 677 859 744 908; x_wconf 88' lang='lat' dir='ltr'><strong>qui</strong></span> <span class='ocrx_word' id='word_1_61' title='bbox 775 859 1005 907; x_wconf 86' lang='lat' dir='ltr'><strong>proselitum</strong></span> <span class='ocrx_word' id='word_1_62' title='bbox 1034 858 1147 896; x_wconf 89' lang='lat' dir='ltr'><strong>vobis</strong></span> <span class='ocrx_word' id='word_1_63' title='bbox 1177 858 1326 896; x_wconf 87' lang='lat' dir='ltr'><strong>faciatis</strong></span> <span class='ocrx_word' id='word_1_64' title='bbox 1355 866 1395 896; x_wconf 91' lang='lat' dir='ltr'><strong>vt</strong></span> <span class='ocrx_word' id='word_1_65' title='bbox 1425 871 1557 906; x_wconf 89' lang='lat' dir='ltr'><strong>vnum,</strong></span> 
     </span>
     <span class='ocr_line' id='line_1_12' title="bbox 549 924 1425 973; baseline 0 -11"><span class='ocrx_word' id='word_1_66' title='bbox 549 925 751 962; x_wconf 89' lang='lat' dir='ltr'><strong>Mundum</strong></span> <span class='ocrx_word' id='word_1_67' title='bbox 781 924 977 970; x_wconf 87' lang='lat' dir='ltr'><strong>circuitis‚&#39;</strong></span> <span class='ocrx_word' id='word_1_68' title='bbox 1007 924 1157 962; x_wconf 82' lang='lat' dir='ltr'><strong>dixerat</strong></span> <span class='ocrx_word' id='word_1_69' title='bbox 1185 924 1270 973; x_wconf 88' lang='lat' dir='ltr'><strong>ipse</strong></span> <span class='ocrx_word' id='word_1_70' title='bbox 1299 924 1425 963; x_wconf 83' lang='lat' dir='ltr'><strong>deus:</strong></span> 
     </span>
    </p>

    <p class='ocr_par' dir='ltr' id='par_1_9' title="bbox 548 989 1591 1105">
     <span class='ocr_line' id='line_1_13' title="bbox 549 989 1591 1039; baseline -0.001 -12"><span class='ocrx_word' id='word_1_71' title='bbox 549 990 654 1028; x_wconf 91' lang='lat' dir='ltr'><strong>Illud</strong></span> <span class='ocrx_word' id='word_1_72' title='bbox 683 997 764 1028; x_wconf 80' lang='lat' dir='ltr'><strong>erat</strong></span> <span class='ocrx_word' id='word_1_73' title='bbox 793 990 942 1028; x_wconf 91' lang='lat' dir='ltr'><strong>dictum</strong></span> <span class='ocrx_word' id='word_1_74' title='bbox 975 989 1177 1039; x_wconf 85' lang='lat' dir='ltr'><strong>phariseis,</strong></span> <span class='ocrx_word' id='word_1_75' title='bbox 1208 996 1245 1027; x_wconf 90' lang='lat' dir='ltr'><strong>et</strong></span> <span class='ocrx_word' id='word_1_76' title='bbox 1275 990 1398 1028; x_wconf 89' lang='lat' dir='ltr'><strong>modo</strong></span> <span class='ocrx_word' id='word_1_77' title='bbox 1428 1002 1591 1039; x_wconf 87' lang='lat' dir='ltr'><strong>possum</strong></span> 
     </span>
     <span class='ocr_line' id='line_1_14' title="bbox 548 1054 1423 1105; baseline 0.001 -13"><span class='ocrx_word' id='word_1_78' title='bbox 548 1054 747 1093; x_wconf 82' lang='lat' dir='ltr'><strong>Fratribus</strong></span> <span class='ocrx_word' id='word_1_79' title='bbox 778 1056 852 1094; x_wconf 89' lang='lat' dir='ltr'><strong>hec</strong></span> <span class='ocrx_word' id='word_1_80' title='bbox 880 1055 1000 1094; x_wconf 84' lang='lat' dir='ltr'><strong>verba</strong></span> <span class='ocrx_word' id='word_1_81' title='bbox 1029 1055 1161 1094; x_wconf 89' lang='lat' dir='ltr'><strong>dicere</strong></span> <span class='ocrx_word' id='word_1_82' title='bbox 1190 1055 1276 1105; x_wconf 85' lang='lat' dir='ltr'><strong>lege</strong></span> <span class='ocrx_word' id='word_1_83' title='bbox 1306 1067 1423 1094; x_wconf 86' lang='lat' dir='ltr'><strong>noua.</strong></span> 
     </span>
    </p>
   </div>
   <div class='ocr_carea' id='block_1_4' title="bbox 438 1212 1914 1434">
    <p class='ocr_par' dir='ltr' id='par_1_10' title="bbox 438 1212 1914 1434">
     <span class='ocr_line' id='line_1_15' title="bbox 485 1212 1912 1257; baseline 0 -11"><span class='ocrx_word' id='word_1_84' title='bbox 485 1212 563 1247; x_wconf 92' lang='lat' dir='ltr'><strong>Hic</strong></span> <span class='ocrx_word' id='word_1_85' title='bbox 592 1213 776 1257; x_wconf 90' lang='lat' dir='ltr'><strong>loquitur</strong></span> <span class='ocrx_word' id='word_1_86' title='bbox 810 1213 859 1248; x_wconf 88' lang='lat' dir='ltr'><strong>de</strong></span> <span class='ocrx_word' id='word_1_87' title='bbox 898 1213 1126 1257; x_wconf 83' lang='lat' dir='ltr'><strong>apostazia</strong></span> <span class='ocrx_word' id='word_1_88' title='bbox 1167 1213 1345 1248; x_wconf 83' lang='lat' dir='ltr'><strong>fratrum</strong></span> <span class='ocrx_word' id='word_1_89' title='bbox 1379 1212 1538 1247; x_wconf 87' lang='lat' dir='ltr'><strong>ordinis</strong></span> <span class='ocrx_word' id='word_1_90' title='bbox 1571 1212 1912 1253; x_wconf 84' lang='lat' dir='ltr'><strong>mendicancium‚</strong></span> 
     </span>
     <span class='ocr_line' id='line_1_16' title="bbox 441 1271 1914 1316; baseline 0.001 -11"><span class='ocrx_word' id='word_1_91' title='bbox 441 1273 632 1315; x_wconf 87' lang='lat' dir='ltr'><strong>precipue</strong></span> <span class='ocrx_word' id='word_1_92' title='bbox 665 1272 714 1307; x_wconf 91' lang='lat' dir='ltr'><strong>de</strong></span> <span class='ocrx_word' id='word_1_93' title='bbox 747 1273 831 1306; x_wconf 90' lang='lat' dir='ltr'><strong>hiis</strong></span> <span class='ocrx_word' id='word_1_94' title='bbox 866 1273 935 1316; x_wconf 92' lang='lat' dir='ltr'><strong>qui</strong></span> <span class='ocrx_word' id='word_1_95' title='bbox 974 1273 1050 1307; x_wconf 89' lang='lat' dir='ltr'><strong>sub</strong></span> <span class='ocrx_word' id='word_1_96' title='bbox 1092 1272 1194 1307; x_wconf 81' lang='lat' dir='ltr'><strong>ficta</strong></span> <span class='ocrx_word' id='word_1_97' title='bbox 1233 1272 1443 1316; x_wconf 86' lang='lat' dir='ltr'><strong>ypocrisis</strong></span> <span class='ocrx_word' id='word_1_98' title='bbox 1483 1271 1757 1316; x_wconf 83' lang='lat' dir='ltr'><strong>simplicitate</strong></span> <span class='ocrx_word' id='word_1_99' title='bbox 1791 1274 1914 1316; x_wconf 89' lang='lat' dir='ltr'><strong>quasi</strong></span> 
     </span>
     <span class='ocr_line' id='line_1_17' title="bbox 438 1330 1913 1375; baseline 0.001 -12"><span class='ocrx_word' id='word_1_100' title='bbox 438 1331 730 1366; x_wconf 89' lang='lat' dir='ltr'><strong>vniuersorum</strong></span> <span class='ocrx_word' id='word_1_101' title='bbox 770 1332 909 1366; x_wconf 87' lang='lat' dir='ltr'><strong>curias</strong></span> <span class='ocrx_word' id='word_1_102' title='bbox 943 1333 1191 1375; x_wconf 86' lang='lat' dir='ltr'><strong>magnatum</strong></span> <span class='ocrx_word' id='word_1_103' title='bbox 1226 1331 1488 1371; x_wconf 87' lang='lat' dir='ltr'><strong>subuertunt‚</strong></span> <span class='ocrx_word' id='word_1_104' title='bbox 1524 1333 1565 1365; x_wconf 88' lang='lat' dir='ltr'><strong>et</strong></span> <span class='ocrx_word' id='word_1_105' title='bbox 1605 1330 1913 1365; x_wconf 85' lang='lat' dir='ltr'><strong>inestimabiles</strong></span> 
     </span>
     <span class='ocr_line' id='line_1_18' title="bbox 439 1390 1374 1434; baseline 0.001 -11"><span class='ocrx_word' id='word_1_106' title='bbox 439 1390 527 1424; x_wconf 90' lang='lat' dir='ltr'><strong>suis</strong></span> <span class='ocrx_word' id='word_1_107' title='bbox 552 1390 719 1425; x_wconf 86' lang='lat' dir='ltr'><strong>ficticiis</strong></span> <span class='ocrx_word' id='word_1_108' title='bbox 744 1391 963 1434; x_wconf 84' lang='lat' dir='ltr'><strong>sepissime</strong></span> <span class='ocrx_word' id='word_1_109' title='bbox 989 1392 1172 1425; x_wconf 88' lang='lat' dir='ltr'><strong>causant</strong></span> <span class='ocrx_word' id='word_1_110' title='bbox 1198 1400 1374 1424; x_wconf 88' lang='lat' dir='ltr'><strong>errores.</strong></span> 
     </span>
    </p>
   </div>
   <div class='ocr_carea' id='block_1_5' title="bbox 275 1470 512 1517">
    <p class='ocr_par' dir='ltr' id='par_1_11' title="bbox 275 1470 512 1517">
     <span class='ocr_line' id='line_1_19' title="bbox 275 1470 512 1517; baseline 0.013 -12"><span class='ocrx_word' id='word_1_111' title='bbox 275 1470 402 1517; x_wconf 62' lang='lat' dir='ltr'><strong>(anm.</strong></span> <span class='ocrx_word' id='word_1_112' title='bbox 427 1471 512 1508; x_wconf 82' lang='lat' dir='ltr'><strong>xxii.</strong></span> 
     </span>
    </p>
   </div>
   <div class='ocr_carea' id='block_1_6' title="bbox 545 1471 1914 2825">
    <p class='ocr_par' dir='ltr' id='par_1_12' title="bbox 545 1471 1914 2764">
     <span class='ocr_line' id='line_1_20' title="bbox 601 1471 1827 1521; baseline 0.001 -14"><span class='ocrx_word' id='word_1_113' title='bbox 601 1473 652 1509; x_wconf 88' lang='lat' dir='ltr'><strong>Vt</strong></span> <span class='ocrx_word' id='word_1_114' title='bbox 681 1471 788 1510; x_wconf 83' lang='lat' dir='ltr'><strong>bona</strong></span> <span class='ocrx_word' id='word_1_115' title='bbox 818 1473 940 1510; x_wconf 83' lang='lat' dir='ltr'><strong>multa</strong></span> <span class='ocrx_word' id='word_1_116' title='bbox 969 1471 1122 1510; x_wconf 89' lang='lat' dir='ltr'><strong>bonum</strong></span> <span class='ocrx_word' id='word_1_117' title='bbox 1152 1472 1309 1510; x_wconf 86' lang='lat' dir='ltr'><strong>fratrem</strong></span> <span class='ocrx_word' id='word_1_118' title='bbox 1339 1484 1595 1521; x_wconf 89' lang='lat' dir='ltr'><strong>quocumque</strong></span> <span class='ocrx_word' id='word_1_119' title='bbox 1624 1479 1827 1521; x_wconf 86' lang='lat' dir='ltr'><strong>sequntur,</strong></span> 
     </span>
     <span class='ocr_line' id='line_1_21' title="bbox 547 1535 1582 1586; baseline -0.002 -11"><span class='ocrx_word' id='word_1_120' title='bbox 547 1538 611 1575; x_wconf 88' lang='lat' dir='ltr'><strong>Sic</strong></span> <span class='ocrx_word' id='word_1_121' title='bbox 640 1538 742 1575; x_wconf 84' lang='lat' dir='ltr'><strong>mala</strong></span> <span class='ocrx_word' id='word_1_122' title='bbox 772 1538 894 1575; x_wconf 89' lang='lat' dir='ltr'><strong>multa</strong></span> <span class='ocrx_word' id='word_1_123' title='bbox 923 1538 1072 1575; x_wconf 88' lang='lat' dir='ltr'><strong>malum</strong></span> <span class='ocrx_word' id='word_1_124' title='bbox 1100 1544 1255 1575; x_wconf 87' lang='lat' dir='ltr'><strong>constat</strong></span> <span class='ocrx_word' id='word_1_125' title='bbox 1284 1535 1431 1586; x_wconf 86' lang='lat' dir='ltr'><strong>vbique</strong></span> <span class='ocrx_word' id='word_1_126' title='bbox 1461 1537 1582 1585; x_wconf 89' lang='lat' dir='ltr'><strong>sequi.</strong></span> 
     </span>
     <span class='ocr_line' id='line_1_22' title="bbox 547 1601 1615 1651; baseline -0.002 -11"><span class='ocrx_word' id='word_1_127' title='bbox 547 1603 647 1640; x_wconf 86' lang='lat' dir='ltr'><strong>Sunt</strong></span> <span class='ocrx_word' id='word_1_128' title='bbox 676 1603 822 1640; x_wconf 84' lang='lat' dir='ltr'><strong>etenim</strong></span> <span class='ocrx_word' id='word_1_129' title='bbox 852 1603 1004 1640; x_wconf 90' lang='lat' dir='ltr'><strong>domini</strong></span> <span class='ocrx_word' id='word_1_130' title='bbox 1034 1610 1121 1649; x_wconf 88' lang='lat' dir='ltr'><strong>tres,</strong></span> <span class='ocrx_word' id='word_1_131' title='bbox 1154 1614 1322 1651; x_wconf 89' lang='lat' dir='ltr'><strong>quorum</strong></span> <span class='ocrx_word' id='word_1_132' title='bbox 1354 1601 1519 1650; x_wconf 84' lang='lat' dir='ltr'><strong>quilibet</strong></span> <span class='ocrx_word' id='word_1_133' title='bbox 1549 1602 1615 1639; x_wconf 89' lang='lat' dir='ltr'><strong>vni</strong></span> 
     </span>
     <span class='ocr_line' id='line_1_23' title="bbox 547 1667 1532 1717; baseline -0.001 -11"><span class='ocrx_word' id='word_1_134' title='bbox 547 1668 674 1706; x_wconf 88' lang='lat' dir='ltr'><strong>Seruit</strong></span> <span class='ocrx_word' id='word_1_135' title='bbox 704 1669 837 1715; x_wconf 90' lang='lat' dir='ltr'><strong>homo,</strong></span> <span class='ocrx_word' id='word_1_136' title='bbox 869 1681 938 1717; x_wconf 87' lang='lat' dir='ltr'><strong>per</strong></span> <span class='ocrx_word' id='word_1_137' title='bbox 966 1680 1084 1717; x_wconf 89' lang='lat' dir='ltr'><strong>quem</strong></span> <span class='ocrx_word' id='word_1_138' title='bbox 1116 1680 1158 1705; x_wconf 89' lang='lat' dir='ltr'><strong>se</strong></span> <span class='ocrx_word' id='word_1_139' title='bbox 1186 1668 1283 1716; x_wconf 91' lang='lat' dir='ltr'><strong>petit</strong></span> <span class='ocrx_word' id='word_1_140' title='bbox 1314 1667 1397 1716; x_wconf 88' lang='lat' dir='ltr'><strong>ipse</strong></span> <span class='ocrx_word' id='word_1_141' title='bbox 1427 1667 1532 1716; x_wconf 85' lang='lat' dir='ltr'><strong>regi:</strong></span> 
     </span>
     <span class='ocr_line' id='line_1_24' title="bbox 548 1732 1693 1781; baseline -0.002 -10"><span class='ocrx_word' id='word_1_142' title='bbox 548 1734 619 1771; x_wconf 88' lang='lat' dir='ltr'><strong>Est</strong></span> <span class='ocrx_word' id='word_1_143' title='bbox 648 1734 756 1780; x_wconf 90' lang='lat' dir='ltr'><strong>deus,</strong></span> <span class='ocrx_word' id='word_1_144' title='bbox 789 1741 847 1771; x_wconf 83' lang='lat' dir='ltr'><strong>est</strong></span> <span class='ocrx_word' id='word_1_145' title='bbox 877 1734 1062 1780; x_wconf 89' lang='lat' dir='ltr'><strong>mundus,</strong></span> <span class='ocrx_word' id='word_1_146' title='bbox 1094 1740 1152 1771; x_wconf 89' lang='lat' dir='ltr'><strong>est</strong></span> <span class='ocrx_word' id='word_1_147' title='bbox 1181 1733 1329 1771; x_wconf 88' lang='lat' dir='ltr'><strong>demon</strong></span> <span class='ocrx_word' id='word_1_148' title='bbox 1359 1738 1549 1781; x_wconf 82' lang='lat' dir='ltr'><strong>apostata,</strong></span> <span class='ocrx_word' id='word_1_149' title='bbox 1581 1732 1693 1769; x_wconf 89' lang='lat' dir='ltr'><strong>cuius</strong></span> 
     </span>
     <span class='ocr_line' id='line_1_25' title="bbox 546 1797 1914 1849; baseline -0.002 -12"><span class='ocrx_word' id='word_1_150' title='bbox 546 1799 698 1837; x_wconf 88' lang='lat' dir='ltr'><strong>Ordine</strong></span> <span class='ocrx_word' id='word_1_151' title='bbox 728 1805 989 1849; x_wconf 80' lang='lat' dir='ltr'><strong>transgressus</strong></span> <span class='ocrx_word' id='word_1_152' title='bbox 1018 1799 1092 1836; x_wconf 89' lang='lat' dir='ltr'><strong>fert</strong></span> <span class='ocrx_word' id='word_1_153' title='bbox 1121 1797 1195 1836; x_wconf 89' lang='lat' dir='ltr'><strong>sibi</strong></span> <span class='ocrx_word' id='word_1_154' title='bbox 1226 1798 1343 1835; x_wconf 86' lang='lat' dir='ltr'><strong>frater</strong></span> <span class='ocrx_word' id='word_1_155' title='bbox 1372 1810 1488 1835; x_wconf 90' lang='lat' dir='ltr'><strong>onus.</strong></span> <span class='ocrx_word' id='word_1_156' title='bbox 1830 1814 1914 1836; x_wconf 79' lang='lat'><em>1020</em></span> 
     </span>
     <span class='ocr_line' id='line_1_26' title="bbox 546 1863 1717 1914; baseline -0.002 -12"><span class='ocrx_word' id='word_1_157' title='bbox 546 1865 700 1914; x_wconf 84' lang='lat' dir='ltr'><strong>Regula</strong></span> <span class='ocrx_word' id='word_1_158' title='bbox 730 1876 903 1913; x_wconf 77' lang='lat' dir='ltr'><strong>namque</strong></span> <span class='ocrx_word' id='word_1_159' title='bbox 932 1864 996 1902; x_wconf 93' lang='lat' dir='ltr'><strong>dei</strong></span> <span class='ocrx_word' id='word_1_160' title='bbox 1026 1876 1107 1902; x_wconf 91' lang='lat' dir='ltr'><strong>non</strong></span> <span class='ocrx_word' id='word_1_161' title='bbox 1138 1863 1250 1901; x_wconf 90' lang='lat' dir='ltr'><strong>nouit</strong></span> <span class='ocrx_word' id='word_1_162' title='bbox 1280 1875 1383 1910; x_wconf 89' lang='lat' dir='ltr'><strong>eum,</strong></span> <span class='ocrx_word' id='word_1_163' title='bbox 1416 1874 1547 1912; x_wconf 90' lang='lat' dir='ltr'><strong>neque</strong></span> <span class='ocrx_word' id='word_1_164' title='bbox 1577 1863 1717 1900; x_wconf 90' lang='lat' dir='ltr'><strong>mundi</strong></span> 
     </span>
     <span class='ocr_line' id='line_1_27' title="bbox 546 1929 1420 1968; baseline -0.003 0"><span class='ocrx_word' id='word_1_165' title='bbox 546 1932 625 1968; x_wconf 89' lang='lat' dir='ltr'><strong>Dat</strong></span> <span class='ocrx_word' id='word_1_166' title='bbox 655 1930 729 1967; x_wconf 88' lang='lat' dir='ltr'><strong>sibi</strong></span> <span class='ocrx_word' id='word_1_167' title='bbox 759 1930 923 1968; x_wconf 88' lang='lat' dir='ltr'><strong>milicies</strong></span> <span class='ocrx_word' id='word_1_168' title='bbox 953 1929 1075 1967; x_wconf 88' lang='lat' dir='ltr'><strong>libera</strong></span> <span class='ocrx_word' id='word_1_169' title='bbox 1106 1929 1213 1966; x_wconf 87' lang='lat' dir='ltr'><strong>nulla</strong></span> <span class='ocrx_word' id='word_1_170' title='bbox 1243 1935 1420 1966; x_wconf 83' lang='lat' dir='ltr'><strong>statum:</strong></span> 
     </span>
     <span class='ocr_line' id='line_1_28' title="bbox 545 1992 1821 2044; baseline -0.002 -11"><span class='ocrx_word' id='word_1_171' title='bbox 545 1996 639 2033; x_wconf 91' lang='lat' dir='ltr'><strong>Non</strong></span> <span class='ocrx_word' id='word_1_172' title='bbox 668 1995 788 2033; x_wconf 87' lang='lat' dir='ltr'><strong>habet</strong></span> <span class='ocrx_word' id='word_1_173' title='bbox 817 1995 901 2044; x_wconf 84' lang='lat' dir='ltr'><strong>ipse</strong></span> <span class='ocrx_word' id='word_1_174' title='bbox 930 1995 1061 2041; x_wconf 89' lang='lat' dir='ltr'><strong>deum,</strong></span> <span class='ocrx_word' id='word_1_175' title='bbox 1093 2007 1168 2032; x_wconf 91' lang='lat' dir='ltr'><strong>nec</strong></span> <span class='ocrx_word' id='word_1_176' title='bbox 1197 1993 1343 2032; x_wconf 85' lang='lat' dir='ltr'><strong>habere</strong></span> <span class='ocrx_word' id='word_1_177' title='bbox 1371 1994 1473 2031; x_wconf 87' lang='lat' dir='ltr'><strong>valet</strong></span> <span class='ocrx_word' id='word_1_178' title='bbox 1503 1992 1578 2031; x_wconf 90' lang='lat' dir='ltr'><strong>sibi</strong></span> <span class='ocrx_word' id='word_1_179' title='bbox 1608 1993 1821 2041; x_wconf 86' lang='lat' dir='ltr'><strong>mundum,</strong></span> 
     </span>
     <span class='ocr_line' id='line_1_29' title="bbox 547 2059 1562 2109; baseline -0.001 -11"><span class='ocrx_word' id='word_1_180' title='bbox 547 2061 739 2098; x_wconf 89' lang='lat' dir='ltr'><strong>Demonis</strong></span> <span class='ocrx_word' id='word_1_181' title='bbox 769 2066 808 2098; x_wconf 93' lang='lat' dir='ltr'><strong>vt</strong></span> <span class='ocrx_word' id='word_1_182' title='bbox 837 2061 1038 2109; x_wconf 88' lang='lat' dir='ltr'><strong>proprium</strong></span> <span class='ocrx_word' id='word_1_183' title='bbox 1068 2060 1124 2097; x_wconf 92' lang='lat' dir='ltr'><strong>sic</strong></span> <span class='ocrx_word' id='word_1_184' title='bbox 1153 2059 1258 2097; x_wconf 89' lang='lat' dir='ltr'><strong>subit</strong></span> <span class='ocrx_word' id='word_1_185' title='bbox 1287 2060 1371 2108; x_wconf 91' lang='lat' dir='ltr'><strong>ipse</strong></span> <span class='ocrx_word' id='word_1_186' title='bbox 1401 2059 1562 2108; x_wconf 86' lang='lat' dir='ltr'><strong>iugum:</strong></span> 
     </span>
     <span class='ocr_line' id='line_1_30' title="bbox 546 2125 1509 2173; baseline -0.004 -9"><span class='ocrx_word' id='word_1_187' title='bbox 546 2126 688 2164; x_wconf 81' lang='lat' dir='ltr'><strong>Omnis</strong></span> <span class='ocrx_word' id='word_1_188' title='bbox 718 2125 825 2164; x_wconf 87' lang='lat' dir='ltr'><strong>enim</strong></span> <span class='ocrx_word' id='word_1_189' title='bbox 853 2125 941 2162; x_wconf 89' lang='lat' dir='ltr'><strong>vicii</strong></span> <span class='ocrx_word' id='word_1_190' title='bbox 971 2125 1141 2162; x_wconf 88' lang='lat' dir='ltr'><strong>viciosus</strong></span> <span class='ocrx_word' id='word_1_191' title='bbox 1170 2130 1349 2173; x_wconf 86' lang='lat' dir='ltr'><strong>apostata</strong></span> <span class='ocrx_word' id='word_1_192' title='bbox 1378 2131 1509 2161; x_wconf 90' lang='lat' dir='ltr'><strong>motor</strong></span> 
     </span>
     <span class='ocr_line' id='line_1_31' title="bbox 545 2189 1514 2239; baseline -0.003 -11"><span class='ocrx_word' id='word_1_193' title='bbox 545 2192 627 2228; x_wconf 87' lang='lat' dir='ltr'><strong>Aut</strong></span> <span class='ocrx_word' id='word_1_194' title='bbox 656 2191 783 2228; x_wconf 82' lang='lat' dir='ltr'><strong>fautor</strong></span> <span class='ocrx_word' id='word_1_195' title='bbox 812 2190 932 2227; x_wconf 89' lang='lat' dir='ltr'><strong>nutrit</strong></span> <span class='ocrx_word' id='word_1_196' title='bbox 960 2190 1070 2239; x_wconf 93' lang='lat' dir='ltr'><strong>quod</strong></span> <span class='ocrx_word' id='word_1_197' title='bbox 1099 2189 1206 2227; x_wconf 90' lang='lat' dir='ltr'><strong>videt</strong></span> <span class='ocrx_word' id='word_1_198' title='bbox 1236 2201 1323 2226; x_wconf 89' lang='lat' dir='ltr'><strong>esse</strong></span> <span class='ocrx_word' id='word_1_199' title='bbox 1352 2189 1514 2226; x_wconf 85' lang='lat' dir='ltr'><strong>malum.</strong></span> 
     </span>
     <span class='ocr_line' id='line_1_32' title="bbox 545 2254 1530 2302; baseline -0.004 -8"><span class='ocrx_word' id='word_1_200' title='bbox 545 2256 676 2294; x_wconf 90' lang='lat' dir='ltr'><strong>Testis</strong></span> <span class='ocrx_word' id='word_1_201' title='bbox 705 2255 777 2293; x_wconf 91' lang='lat' dir='ltr'><strong>erit</strong></span> <span class='ocrx_word' id='word_1_202' title='bbox 806 2255 1006 2302; x_wconf 84' lang='lat' dir='ltr'><strong>Salomon,</strong></span> <span class='ocrx_word' id='word_1_203' title='bbox 1038 2255 1094 2291; x_wconf 91' lang='lat' dir='ltr'><strong>vir</strong></span> <span class='ocrx_word' id='word_1_204' title='bbox 1122 2255 1209 2291; x_wconf 89' lang='lat' dir='ltr'><strong>talis</strong></span> <span class='ocrx_word' id='word_1_205' title='bbox 1238 2254 1383 2291; x_wconf 89' lang='lat' dir='ltr'><strong>invtilis</strong></span> <span class='ocrx_word' id='word_1_206' title='bbox 1414 2260 1530 2300; x_wconf 89' lang='lat' dir='ltr'><strong>extat,</strong></span> 
     </span>
     <span class='ocr_line' id='line_1_33' title="bbox 547 2318 1356 2370; baseline -0.004 -11"><span class='ocrx_word' id='word_1_207' title='bbox 547 2322 598 2359; x_wconf 88' lang='lat' dir='ltr'><strong>Et</strong></span> <span class='ocrx_word' id='word_1_208' title='bbox 626 2321 759 2370; x_wconf 87' lang='lat' dir='ltr'><strong>peiora</strong></span> <span class='ocrx_word' id='word_1_209' title='bbox 788 2332 858 2358; x_wconf 91' lang='lat' dir='ltr'><strong>sue</strong></span> <span class='ocrx_word' id='word_1_210' title='bbox 887 2319 1051 2357; x_wconf 85' lang='lat' dir='ltr'><strong>crimina</strong></span> <span class='ocrx_word' id='word_1_211' title='bbox 1080 2319 1223 2357; x_wconf 90' lang='lat' dir='ltr'><strong>mentis</strong></span> <span class='ocrx_word' id='word_1_212' title='bbox 1252 2318 1356 2368; x_wconf 87' lang='lat' dir='ltr'><strong>agit:</strong></span> 
     </span>
     <span class='ocr_line' id='line_1_34' title="bbox 546 2382 1620 2435; baseline -0.004 -11"><span class='ocrx_word' id='word_1_213' title='bbox 546 2388 641 2424; x_wconf 90' lang='lat' dir='ltr'><strong>Arte</strong></span> <span class='ocrx_word' id='word_1_214' title='bbox 669 2386 730 2423; x_wconf 92' lang='lat' dir='ltr'><strong>vel</strong></span> <span class='ocrx_word' id='word_1_215' title='bbox 760 2385 930 2435; x_wconf 85' lang='lat' dir='ltr'><strong>ingenio,</strong></span> <span class='ocrx_word' id='word_1_216' title='bbox 962 2396 1043 2434; x_wconf 90' lang='lat' dir='ltr'><strong>quo</strong></span> <span class='ocrx_word' id='word_1_217' title='bbox 1072 2384 1159 2421; x_wconf 84' lang='lat' dir='ltr'><strong>talis</strong></span> <span class='ocrx_word' id='word_1_218' title='bbox 1189 2383 1228 2420; x_wconf 90' lang='lat' dir='ltr'><strong>in</strong></span> <span class='ocrx_word' id='word_1_219' title='bbox 1258 2382 1355 2421; x_wconf 92' lang='lat' dir='ltr'><strong>orbe</strong></span> <span class='ocrx_word' id='word_1_220' title='bbox 1383 2382 1620 2431; x_wconf 87' lang='lat' dir='ltr'><strong>frequentat,</strong></span> 
     </span>
     <span class='ocr_line' id='line_1_35' title="bbox 548 2449 1911 2499; baseline -0.001 -10"><span class='ocrx_word' id='word_1_221' title='bbox 548 2451 669 2489; x_wconf 91' lang='lat' dir='ltr'><strong>Ducit</strong></span> <span class='ocrx_word' id='word_1_222' title='bbox 698 2451 737 2488; x_wconf 92' lang='lat' dir='ltr'><strong>in</strong></span> <span class='ocrx_word' id='word_1_223' title='bbox 767 2451 952 2489; x_wconf 90' lang='lat' dir='ltr'><strong>effectum</strong></span> <span class='ocrx_word' id='word_1_224' title='bbox 980 2450 1091 2499; x_wconf 86' lang='lat' dir='ltr'><strong>plura</strong></span> <span class='ocrx_word' id='word_1_225' title='bbox 1120 2449 1299 2487; x_wconf 88' lang='lat' dir='ltr'><strong>timenda</strong></span> <span class='ocrx_word' id='word_1_226' title='bbox 1325 2449 1428 2486; x_wconf 83' lang='lat' dir='ltr'><strong>satis.</strong></span> <span class='ocrx_word' id='word_1_227' title='bbox 1827 2464 1911 2494; x_wconf 80' lang='lat'><strong>1030</strong></span> 
     </span>
     <span class='ocr_line' id='line_1_36' title="bbox 547 2513 1553 2565; baseline -0.004 -10"><span class='ocrx_word' id='word_1_228' title='bbox 547 2517 641 2555; x_wconf 91' lang='lat' dir='ltr'><strong>Non</strong></span> <span class='ocrx_word' id='word_1_229' title='bbox 670 2516 801 2554; x_wconf 87' lang='lat' dir='ltr'><strong>obstat</strong></span> <span class='ocrx_word' id='word_1_230' title='bbox 830 2516 957 2565; x_wconf 86' lang='lat' dir='ltr'><strong>paries</strong></span> <span class='ocrx_word' id='word_1_231' title='bbox 986 2515 1050 2562; x_wconf 88' lang='lat' dir='ltr'><strong>illi,</strong></span> <span class='ocrx_word' id='word_1_232' title='bbox 1083 2527 1164 2552; x_wconf 91' lang='lat' dir='ltr'><strong>non</strong></span> <span class='ocrx_word' id='word_1_233' title='bbox 1193 2514 1326 2551; x_wconf 88' lang='lat' dir='ltr'><strong>clausa</strong></span> <span class='ocrx_word' id='word_1_234' title='bbox 1355 2513 1553 2561; x_wconf 88' lang='lat' dir='ltr'><strong>resistunt,</strong></span> 
     </span>
     <span class='ocr_line' id='line_1_37' title="bbox 548 2579 1393 2631; baseline -0.004 -11"><span class='ocrx_word' id='word_1_235' title='bbox 548 2583 661 2621; x_wconf 89' lang='lat' dir='ltr'><strong>Invia</strong></span> <span class='ocrx_word' id='word_1_236' title='bbox 690 2582 914 2620; x_wconf 88' lang='lat' dir='ltr'><strong>consistunt</strong></span> <span class='ocrx_word' id='word_1_237' title='bbox 941 2580 1077 2631; x_wconf 90' lang='lat' dir='ltr'><strong>peruia</strong></span> <span class='ocrx_word' id='word_1_238' title='bbox 1107 2592 1265 2630; x_wconf 87' lang='lat' dir='ltr'><strong>queque</strong></span> <span class='ocrx_word' id='word_1_239' title='bbox 1294 2579 1393 2618; x_wconf 90' lang='lat' dir='ltr'><strong>sibi:</strong></span> 
     </span>
     <span class='ocr_line' id='line_1_38' title="bbox 548 2643 1642 2697; baseline -0.004 -11"><span class='ocrx_word' id='word_1_240' title='bbox 548 2649 623 2686; x_wconf 86' lang='lat' dir='ltr'><strong>Per</strong></span> <span class='ocrx_word' id='word_1_241' title='bbox 651 2660 768 2695; x_wconf 88' lang='lat' dir='ltr'><strong>mare,</strong></span> <span class='ocrx_word' id='word_1_242' title='bbox 801 2660 870 2697; x_wconf 91' lang='lat' dir='ltr'><strong>per</strong></span> <span class='ocrx_word' id='word_1_243' title='bbox 897 2654 1027 2695; x_wconf 87' lang='lat' dir='ltr'><strong>terras,</strong></span> <span class='ocrx_word' id='word_1_244' title='bbox 1059 2658 1128 2696; x_wconf 92' lang='lat' dir='ltr'><strong>per</strong></span> <span class='ocrx_word' id='word_1_245' title='bbox 1156 2651 1284 2683; x_wconf 88' lang='lat' dir='ltr'><strong>totum</strong></span> <span class='ocrx_word' id='word_1_246' title='bbox 1314 2645 1452 2683; x_wconf 90' lang='lat' dir='ltr'><strong>circuit</strong></span> <span class='ocrx_word' id='word_1_247' title='bbox 1481 2643 1642 2693; x_wconf 84' lang='lat' dir='ltr'><strong>orbem;</strong></span> 
     </span>
     <span class='ocr_line' id='line_1_39' title="bbox 547 2713 1549 2764; baseline -0.002 -14"><span class='ocrx_word' id='word_1_248' title='bbox 547 2715 601 2751; x_wconf 92' lang='lat' dir='ltr'><strong>Vt</strong></span> <span class='ocrx_word' id='word_1_249' title='bbox 630 2713 705 2751; x_wconf 88' lang='lat' dir='ltr'><strong>sibi</strong></span> <span class='ocrx_word' id='word_1_250' title='bbox 736 2713 823 2762; x_wconf 90' lang='lat' dir='ltr'><strong>plus</strong></span> <span class='ocrx_word' id='word_1_251' title='bbox 852 2713 1015 2764; x_wconf 88' lang='lat' dir='ltr'><strong>placeat,</strong></span> <span class='ocrx_word' id='word_1_252' title='bbox 1047 2723 1206 2749; x_wconf 88' lang='lat' dir='ltr'><strong>cernere</strong></span> <span class='ocrx_word' id='word_1_253' title='bbox 1235 2718 1379 2748; x_wconf 82' lang='lat' dir='ltr'><strong>cuncta</strong></span> <span class='ocrx_word' id='word_1_254' title='bbox 1407 2717 1549 2760; x_wconf 87' lang='lat' dir='ltr'><strong>potest.</strong></span> 
     </span>
    </p>

    <p class='ocr_par' dir='ltr' id='par_1_13' title="bbox 604 2775 1580 2825">
     <span class='ocr_line' id='line_1_40' title="bbox 604 2775 1580 2825; baseline -0.001 -10"><span class='ocrx_word' id='word_1_255' title='bbox 604 2778 751 2816; x_wconf 88' lang='lat' dir='ltr'><strong>Nititur</strong></span> <span class='ocrx_word' id='word_1_256' title='bbox 780 2777 820 2815; x_wconf 94' lang='lat' dir='ltr'><strong>in</strong></span> <span class='ocrx_word' id='word_1_257' title='bbox 850 2777 1016 2824; x_wconf 88' lang='lat' dir='ltr'><strong>fraudes,</strong></span> <span class='ocrx_word' id='word_1_258' title='bbox 1048 2775 1253 2825; x_wconf 90' lang='lat' dir='ltr'><strong>componit</strong></span> <span class='ocrx_word' id='word_1_259' title='bbox 1282 2775 1401 2814; x_wconf 89' lang='lat' dir='ltr'><strong>verba</strong></span> <span class='ocrx_word' id='word_1_260' title='bbox 1430 2776 1580 2823; x_wconf 85' lang='lat' dir='ltr'><strong>dolosa,</strong></span> 
     </span>
    </p>
   </div>
   <div class='ocr_carea' id='block_1_7' title="bbox 978 2889 1375 2931">
    <p class='ocr_par' dir='ltr' id='par_1_14' title="bbox 978 2889 1375 2931">
     <span class='ocr_line' id='line_1_41' title="bbox 978 2889 1375 2931; baseline 0 -10"><span class='ocrx_word' id='word_1_261' title='bbox 978 2900 1061 2922; x_wconf 83' lang='lat'><em>1012</em></span> <span class='ocrx_word' id='word_1_262' title='bbox 1085 2890 1218 2931; x_wconf 80' lang='lat' dir='ltr'><strong>margin</strong></span> <span class='ocrx_word' id='word_1_263' title='bbox 1244 2889 1332 2920; x_wconf 77' lang='lat' dir='ltr'><strong>Nota</strong></span> <span class='ocrx_word' id='word_1_264' title='bbox 1347 2889 1375 2921; x_wconf 92' lang='lat' dir='ltr'>C</span> 
     </span>
    </p>
   </div>
   <div class='ocr_carea' id='block_1_8' title="bbox 2050 0 2083 2922">
    <p class='ocr_par' dir='ltr' id='par_1_15' title="bbox 2050 0 2083 2922">
     <span class='ocr_line' id='line_1_42' title="bbox 2050 0 2083 2922; baseline 0 0"><span class='ocrx_word' id='word_1_265' title='bbox 2050 0 2083 2922; x_wconf 95' lang='lat' dir='ltr'><strong> </strong></span> 
     </span>
    </p>
   </div>
  </div>
 </body>
</html>
