2095 3173
484 223 538 261 66

957 221 1088 263 VOX
1132 222 1492 264 CLAMANTIS

532 345 610 380 Hic
644 345 774 380 eciam
809 345 1032 380 secundum
1066 344 1278 379 visionem
1311 345 1493 388 sompnii
1527 344 1725 379 describit
1759 345 1880 389 quasi
1909 346 1953 380 in

485 405 656 448 propria
688 414 870 448 persona
896 404 1121 446 angustias
1149 404 1297 437 varias
1327 413 1404 447 que
1436 403 1743 447 contingebant
1775 404 1858 439 hiis
1888 405 1955 448 qui

485 464 587 498 tunc
629 474 703 507 pro
745 463 972 498 securitate
1009 462 1238 506 optinenda
1276 462 1320 495 in
1354 461 1517 496 Turrim
1557 463 1867 498 Londoniarum
1908 474 1955 498 se

485 522 702 562 miserunt,
732 524 774 556 et
805 521 854 556 de
885 523 1061 565 ruptura
1089 521 1272 556 eiusdem
1298 521 1449 555 turris:
1486 521 1640 564 figurat
1665 523 1775 556 enim
1801 522 1955 558 dictam

483 581 629 615 turrim
648 581 824 615 similem
842 591 935 616 esse
952 580 1054 615 naui
1072 590 1201 624 prope
1218 580 1467 624 voraginem
1487 580 1589 616 Cille
1607 581 1876 624 periclitanti.

315 662 444 709 Capm.
467 661 553 699 xvii.

652 661 836 711 Amplius
864 668 905 699 vt
934 661 1012 700 vidi
1043 661 1134 710 quia
1163 661 1225 699 lex
1254 674 1336 699 non
1366 668 1532 700 nouerat
1560 660 1713 710 orbem,

593 727 757 766 Creuit
786 733 831 765 et
860 738 913 764 ex
941 727 1056 765 variis
1085 740 1219 765 rumor
1247 726 1394 776 vbique
1423 728 1546 774 malis,

593 793 655 830 En
686 799 823 842 stupor
852 793 892 830 in
922 793 1100 842 sompnis
1129 794 1253 842 magis
1283 805 1329 830 ac
1359 793 1482 842 magis
1511 793 1605 831 inde
1635 793 1818 832 timorem

593 859 799 905 Prouocat‚
832 865 871 896 et
900 858 1042 896 dubias
1073 858 1144 897 fert
1174 858 1295 895 michi
1325 870 1420 907 sepe
1448 859 1558 897 vias:

593 924 704 972 Quid
732 923 902 962 facerem
934 931 1127 971 metuens,
1158 930 1225 961 aut
1256 923 1354 973 quid
1384 923 1505 960 michi
1535 924 1686 962 cercius
1716 930 1819 962 esset

593 991 796 1039 IgnoranS‚
828 990 965 1027 oculos
995 995 1187 1038 sperserat
1216 989 1271 1026 ira
1299 1001 1421 1027 meos.

594 1055 718 1093 Haud
747 1055 884 1105 procul
913 1055 1047 1104 aspexi
1077 1067 1233 1102 nauem,
1265 1067 1561 1104 properansque
1590 1055 1755 1101 cucurri,

593 1121 684 1159 Sors
714 1133 803 1159 mea
832 1121 862 1158 si
893 1121 993 1158 forte
1022 1120 1149 1158 tucior
1178 1126 1282 1158 esset
1310 1120 1394 1168 ibi,
1872 1127 1955 1158 1600

592 1186 779 1236 Ecceque
807 1186 912 1224 scala
941 1186 1062 1224 michi
1090 1186 1226 1235 patuit,
1258 1198 1337 1235 qua
1365 1198 1528 1224 scansus
1559 1186 1598 1223 in
1628 1186 1764 1233 altum,

593 1252 753 1299 Intraui,
785 1264 864 1301 que
893 1252 981 1301 pius
1011 1252 1078 1290 dat
1108 1252 1228 1289 michi
1259 1258 1378 1289 nauta
1407 1252 1553 1289 locum.

592 1317 763 1366 Ingenui
793 1329 907 1355 sexus
937 1317 1034 1355 alios
1064 1317 1335 1355 conscendere
1363 1329 1509 1354 nauem

590 1382 684 1420 Vidi
714 1394 833 1432 quam
864 1382 1005 1431 plures,
1038 1394 1139 1431 quos
1169 1382 1286 1420 timor
1315 1382 1445 1420 omnis
1475 1381 1619 1420 habet:

589 1448 666 1485 Vix
695 1447 768 1485 fuit
797 1460 819 1485 a
848 1448 982 1497 planta
1011 1447 1130 1497 capiti
1158 1447 1302 1497 gradus
1331 1447 1431 1484 vllus
1461 1459 1600 1485 eorum

593 1513 675 1562 Qui
705 1519 800 1551 tunc
830 1513 881 1551 de
910 1513 1030 1562 stirpe
1059 1512 1276 1551 nobilitatis
1306 1519 1429 1559 erant,

591 1578 700 1626 Quin
730 1578 848 1615 maris
878 1579 917 1615 in
947 1579 1082 1616 medio
1112 1578 1282 1627 pauidus
1311 1577 1597 1615 conscenderat
1627 1578 1691 1616 ille

591 1644 781 1690 Classem,
813 1656 894 1692 quo
923 1644 1111 1692 requiem,
1143 1644 1175 1681 si
1205 1644 1304 1682 foret
1332 1644 1419 1691 vlla,
1452 1650 1571 1692 petat.

591 1710 658 1747 Set
687 1709 784 1758 quid
813 1715 930 1758 agant
960 1709 1035 1755 alii,
1067 1721 1222 1758 semper
1251 1709 1372 1746 michi
1401 1721 1493 1745 cura
1522 1708 1710 1746 remansit

590 1775 692 1821 Vna,
724 1774 834 1823 quod
861 1787 884 1811 a
913 1774 1020 1811 furiis
1049 1780 1158 1812 tutus
1188 1773 1296 1812 abire
1326 1786 1484 1824 queam.
1870 1780 1955 1812 1610

591 1840 716 1878 Nauis
747 1840 788 1877 in
817 1840 994 1889 ingressu
1024 1839 1170 1889 pauida
1199 1840 1250 1878 de
1280 1847 1414 1877 mente
1442 1839 1590 1888 rogaui,

589 1907 644 1943 Vt
673 1905 794 1943 michi
824 1906 891 1943 det
920 1905 1054 1943 faciles
1083 1905 1186 1943 vtilis
1216 1918 1310 1943 aura
1340 1906 1445 1944 vias:

591 1972 724 2019 Quem
754 1983 862 2009 mare
891 1983 1093 2020 quemque
1121 1971 1259 2009 colunt
1287 1971 1405 2018 venti,
1439 1983 1507 2020 per
1535 1977 1627 2009 vota
1656 1972 1841 2019 reclamo,

588 2037 643 2075 Vt
672 2037 792 2074 michi
823 2037 889 2075 det
918 2037 1120 2086 placidum
1149 2049 1219 2085 per
1247 2049 1355 2075 mare
1384 2038 1537 2076 Cristus
1567 2038 1663 2076 iter:

592 2103 677 2140 ‘Tu
707 2102 838 2148 michi,
872 2102 982 2139 stella
1011 2102 1139 2149 maris,
1170 2102 1222 2140 sis
1252 2103 1399 2151 preuia,
1431 2115 1512 2152 quo
1542 2103 1641 2141 ferar
1668 2103 1811 2151 vndis;

591 2167 648 2205 Sit
676 2166 747 2204 tibi
777 2179 870 2204 cura
899 2167 989 2218 mei,
1021 2174 1060 2205 te
1090 2167 1192 2205 duce
1222 2174 1330 2205 tutus
1360 2168 1452 2205 ero.'

644 2232 748 2271 Cum
778 2232 895 2269 maris
924 2232 1030 2269 vnda
1059 2232 1197 2281 procul
1225 2245 1248 2269 a
1277 2232 1390 2270 litore
1419 2245 1492 2270 nos
1522 2233 1726 2282 rapuisset,

590 2297 714 2335 Nauis
744 2303 783 2335 et
812 2303 948 2346 optato
979 2297 1142 2335 flumine
1171 2297 1315 2346 carpsit
1344 2297 1426 2344 iter,

590 2364 627 2400 A
655 2362 762 2400 furiis
792 2369 892 2400 terre
921 2369 1017 2399 tunc
1046 2363 1214 2411 amplius
1244 2374 1330 2400 esse
1360 2363 1539 2411 quietum

591 2429 660 2466 Me
690 2428 780 2474 dixi,
813 2434 871 2465 set
902 2428 941 2464 in
971 2428 1048 2465 hoc
1077 2439 1166 2476 spes
1197 2439 1285 2465 mea
1313 2440 1415 2464 vana
1445 2427 1541 2475 fuit,
1862 2435 1949 2468 1620

591 2494 694 2531 Nam
726 2505 814 2531 mea
844 2493 1006 2542 quando
1035 2492 1108 2530 fuit
1137 2504 1226 2541 spes
1257 2493 1381 2529 maior
1409 2499 1449 2530 vt
1479 2493 1563 2542 ipse
1593 2493 1761 2532 salutem

590 2559 876 2608 Consequerer,
909 2558 1041 2596 subito
1069 2570 1188 2596 causa
1216 2557 1362 2595 doloris
1391 2558 1514 2595 adest.

590 2623 823 2662 Terribilem
854 2624 965 2673 picea
994 2630 1122 2661 tectus
1151 2623 1317 2672 caligine
1346 2623 1498 2660 vultum

590 2689 713 2727 Ether
740 2688 791 2727 ab
821 2690 976 2727 excelso
1005 2695 1234 2727 commouet
1263 2701 1370 2725 arma
1399 2688 1531 2726 fretis:

590 2754 771 2802 Quatuor
800 2767 868 2793 ora
897 2755 1069 2792 fremunt
1097 2760 1304 2792 ventorum
1335 2754 1400 2800 sic,
1434 2754 1544 2803 quod
1573 2754 1766 2793 inermem

787 2835 868 2873 Cap.
888 2833 970 2865 xvii.
986 2832 1145 2873 Heading
1188 2842 1206 2862 2
1223 2841 1373 2872 persona
1390 2833 1526 2872 propria
1545 2832 1675 2863 CHDT

789 2886 873 2915 1610
897 2883 1004 2925 tutus]
1025 2889 1142 2915 cautus
1161 2884 1191 2914 D
