2095 3173
663 219 850 260 LIBER
888 218 1161 260 TERcrus
1565 231 1641 270 123

284 327 397 376 Quos
427 327 532 365 velut
561 326 601 364 in
630 327 784 376 signum
814 326 1012 376 spirituale
1041 331 1174 373 tenet3

284 392 438 431 Cesaris
468 399 506 430 et
535 398 712 441 ceptrum
742 391 882 429 mundi
911 389 986 429 sibi
1016 391 1142 440 signat
1172 391 1376 437 honorem,

283 457 377 505 Quo
407 457 517 506 quasi
547 456 749 495 mundane
778 468 838 494 res
868 456 1107 494 famulantur
1135 455 1182 493 ei.
1578 461 1642 502 580

283 523 390 571 Papa
419 522 554 559 colens
583 521 734 559 animas
765 521 834 558 has
864 521 1054 570 dampnat
1084 520 1347 570 viuificatque‚

283 586 461 635 Corpora
490 591 548 624 set
578 586 700 624 Cesar
729 585 888 623 subdita
917 585 1000 623 iure
1029 585 1136 634 regit.

284 651 378 688 Non
407 651 499 688 licet
527 656 568 688 vt
598 650 720 689 Cesar
747 650 900 687 animas
930 656 1113 699 torquere
1142 648 1298 697 valebit,

283 716 369 753 Nec
398 715 449 753 de
476 727 594 764 posse
623 727 697 753 suo
726 727 786 753 res
815 721 924 753 tenet
954 715 1018 752 illa
1047 714 1149 762 sibi3

283 781 370 818 Nec
400 780 515 818 decet
544 792 590 818 ex
619 780 766 830 guerris
796 780 1005 818 hominum
1035 780 1144 830 quod
1173 793 1275 830 papa
1305 780 1439 830 fatiget

283 845 470 895 Corpora,
502 857 675 895 namque
705 845 778 884 sibi
809 858 890 883 non
919 852 1028 884 tenet
1057 846 1154 884 illud
1182 858 1305 895 opus:

283 911 465 960 Quisque
494 923 610 949 suum
639 911 756 949 faciat
785 912 947 958 factum,
978 923 1049 960 pro
1079 924 1160 961 quo
1190 911 1296 950 venit
1325 911 1400 958 ille,

283 976 429 1014 Saltem
460 976 527 1025 qui
557 976 715 1026 pondus
743 983 824 1014 tam
853 976 1020 1026 capitale
1047 977 1154 1026 gerit.

285 1042 366 1090 Qui
396 1048 503 1080 tenet
533 1042 598 1079 hic
626 1042 778 1080 animas
809 1041 883 1080 sub
912 1055 1015 1089 cura,
1047 1042 1189 1080 celsior
1217 1048 1332 1089 extat,

284 1106 336 1144 Et
365 1107 508 1156 gradus
537 1107 708 1145 anterior
736 1106 969 1156 glorificabit
999 1119 1101 1144 eum.
1578 1122 1643 1154 590

287 1171 490 1221 Quicquid
519 1173 597 1221 agit
629 1184 741 1221 papa,
772 1172 874 1216 licet,
904 1178 944 1209 vt
973 1178 1096 1208 status
1126 1171 1190 1209 ille
1219 1172 1372 1218 fatetur,

285 1237 399 1274 Errat
428 1249 606 1286 persona,
640 1249 721 1275 non
751 1243 874 1275 status
903 1237 968 1274 ille
996 1242 1158 1275 tamen:

286 1302 390 1340 Nam
420 1315 529 1341 sacer
558 1303 623 1340 ille
653 1308 776 1340 status
806 1302 1002 1340 mundum
1032 1301 1286 1349 transcendit,
1318 1307 1356 1339 et
1386 1301 1469 1340 eius

284 1367 471 1406 Celorum
501 1368 632 1406 claues
662 1367 820 1406 dextera
849 1367 980 1417 palma
1007 1367 1115 1417 gerit.

286 1433 397 1470 Hinc
425 1433 629 1483 aperitque
658 1433 807 1482 polum,
838 1440 976 1470 tetram
1007 1444 1168 1482 quoque
1197 1432 1345 1470 claudit
1373 1431 1560 1478 abissum,

287 1498 378 1546 Que
407 1510 525 1548 super
552 1505 619 1536 aut
649 1498 787 1536 subtus
818 1504 920 1545 sunt,
952 1510 1022 1536 sua
1051 1498 1134 1536 iura
1163 1498 1326 1545 colunt,

287 1563 409 1611 Quod
438 1563 530 1613 ligat
559 1570 617 1601 est
647 1564 814 1610 firmum,
847 1563 956 1612 quod
985 1563 1103 1601 soluit
1132 1563 1284 1612 eritque
1313 1562 1496 1609 solutum,

285 1630 408 1667 Posse
438 1640 553 1666 suum
584 1629 726 1667 nostris
756 1628 812 1666 sic
840 1627 1049 1666 animabus
1080 1627 1210 1666 habet.

340 1694 494 1732 Cesaris
524 1694 598 1732 hec
628 1706 705 1743 que
734 1701 835 1741 sunt,
868 1694 929 1732 lex
958 1700 997 1732 vt
1026 1693 1242 1731 reddantur
1270 1692 1401 1731 eidem

285 1759 392 1806 Vult,
424 1765 462 1796 et
491 1765 531 1796 vt
560 1759 624 1796 illa
654 1759 717 1797 dei
747 1759 824 1796 sint
853 1759 1063 1797 tribuenda
1092 1759 1180 1796 deo.
1581 1761 1645 1793 600

287 1823 442 1862 Cesaris
472 1831 530 1861 est
559 1830 599 1861 vt
628 1823 663 1861 ei
693 1830 811 1872 caput
840 1823 1017 1870 inclines,
1048 1823 1302 1871 animamque

286 1888 405 1937 Pape,
437 1888 492 1926 sic
522 1888 723 1937 proprium
752 1888 885 1926 reddis
914 1888 1067 1936 Vtrique
1097 1900 1237 1925 suum:

288 1954 409 1992 Cesar
437 1953 583 1991 habere
612 1960 756 1990 statum
787 1964 888 2002 pape
918 1952 1066 2001 nequit,
1099 1958 1166 1989 aut
1196 1950 1270 1989 sibi
1300 1964 1402 2001 papa

288 2018 443 2057 Cesaris
473 2018 680 2067 imperium
711 2029 792 2055 non
822 2017 1022 2067 propriare
1051 2023 1192 2066 potest.

287 2084 441 2122 Cesaris
471 2084 547 2121 hoc
577 2095 658 2121 non
688 2089 746 2121 est
776 2090 815 2120 vt
845 2082 1059 2132 spiritualia
1087 2088 1264 2131 temptet,

288 2149 374 2186 Nec
404 2148 518 2186 decet
547 2154 587 2186 vt
615 2160 718 2197 papa
748 2147 904 2187 Cesaris
932 2160 1040 2185 arma
1067 2154 1201 2196 gerat:

287 2215 394 2263 Papa
423 2226 537 2251 suum
568 2220 701 2251 teneat
731 2213 933 2262 Cesarque
954 2225 1081 2258 suum,
1112 2212 1222 2261 quod
1250 2212 1402 2262 Vtrique

269 2279 379 2316 *Iura
408 2285 601 2327 coequata
631 2284 734 2316 stent
763 2278 921 2316 racione
945 2286 1037 2316 rata.

288 2343 328 2381 Si
358 2342 432 2381 sibi
461 2349 661 2392 presumat
690 2343 812 2382 Cesar
840 2342 994 2392 papalia
1023 2343 1116 2388 iura,

289 2409 383 2446 Hoc
413 2420 494 2445 non
523 2420 624 2457 papa
654 2408 756 2456 sinit,
788 2408 910 2445 immo
939 2408 1082 2446 resistit
1111 2407 1173 2446 ei:
1581 2413 1645 2445 610

289 2473 394 2522 Ergo
423 2474 519 2522 quid
549 2480 607 2511 est
637 2473 785 2511 bellum
815 2485 917 2523 pape
946 2473 1054 2523 quod
1085 2472 1240 2511 Cesaris
1269 2474 1403 2510 extat?

289 2538 394 2575 Nam
424 2538 521 2576 deus
551 2538 717 2577 ecclesie
745 2539 853 2588 pacis
882 2545 1034 2576 amator
1062 2544 1154 2575 erat.

289 2603 356 2640 Set
386 2603 477 2652 quia
505 2616 607 2652 papa
636 2604 716 2642 suis
746 2604 940 2642 mundum
973 2609 1164 2640 scrutatur
1193 2602 1232 2639 in
1261 2603 1391 2649 armis,

290 2667 474 2705 Inueniet
504 2667 671 2707 similem
701 2681 820 2718 quem
851 2669 946 2718 petit
977 2668 1070 2706 inde
1099 2667 1288 2706 modum:

290 2732 471 2781 Opponis
501 2733 664 2780 mundo,
696 2734 869 2772 mundus
899 2732 1124 2782 respondet,
1155 2739 1193 2770 et
1223 2732 1329 2770 illam

291 2797 422 2845 Quam
454 2795 529 2834 sibi
558 2798 744 2846 preponis
773 2811 855 2836 rem
885 2797 995 2836 dabit
1024 2797 1108 2846 ipse
1137 2796 1219 2834 tibi=

400 2892 464 2922 579
480 2887 651 2923 sceptrum
669 2883 696 2914 C
829 2893 892 2924 595
911 2888 1032 2914 tetram
1050 2882 1147 2913 CEH
1195 2887 1321 2913 terram
1339 2882 1462 2915 SGDL
