2095 3173
642 226 832 267 LIBER
873 226 1158 276 QUINTUS

331 337 400 374 Ha
428 335 619 385 quociens
649 336 749 374 fictis
778 335 907 373 verbis
937 334 1096 373 exardet
1123 339 1286 382 amator,

280 401 387 438 Dum
417 407 584 451 temptat
613 401 738 439 forme
767 400 938 438 subdola
966 400 1099 450 lingua
1126 398 1256 438 bone!

276 467 324 504 In
353 467 455 505 vicio
484 467 605 505 decor
633 472 704 514 est,
735 467 875 504 mulier
904 466 936 504 si
965 465 1084 504 verba
1112 465 1295 515 placendi

275 532 369 571 Non
398 532 531 581 habet,
561 539 602 571 vt
631 533 759 570 fatuos
788 538 979 581 prouocet
1008 532 1101 569 inde
1131 531 1232 569 viros
1247 545 1258 580 3

274 597 504 647 Crebraque
533 598 749 647 complexis
779 596 963 634 manibus
993 597 1158 646 suspiria
1186 597 1316 644 mittit,

274 663 362 701 Nec
390 662 465 701 sibi
493 663 670 712 pollicito
699 662 877 711 pondere
906 660 1025 700 verba
1054 668 1211 700 carent:

274 728 376 777 Sepe
405 734 519 766 sonat
547 740 708 765 raucum
738 727 953 776 quoddam,
986 733 1044 765 set
1073 726 1243 765 amabile
1271 727 1382 774 ridet,

275 793 472 842 Blesaque
501 793 544 831 fit
573 792 685 831 bleso
714 793 848 842 lingua
876 798 1014 830 coacta
1043 804 1154 830 sono.

276 859 369 906 Quo
399 870 480 896 non
510 871 571 896 ars
600 858 772 908 poterit?
810 858 925 896 discit
954 857 1157 895 lacrimare
1186 857 1384 904 decenter,

277 923 401 961 Fallat
429 930 470 962 vt
499 923 572 962 hos
601 924 711 961 vultu
741 936 842 972 quos
872 935 1003 972 neque
1032 935 1161 961 sermo
1190 922 1331 970 trahit3

275 987 462 1027 Vultibus
492 995 531 1026 et
560 989 729 1026 lacrimis
758 989 797 1025 in
828 988 923 1026 falsa
952 987 1187 1026 cadentibus
1217 1000 1285 1026 ora

275 1053 435 1102 Decipit
464 1060 503 1091 et
533 1054 643 1102 fingit
670 1053 733 1091 vix
763 1053 836 1091 sibi
866 1065 983 1102 posse
1013 1053 1150 1102 loqui3

278 1118 330 1156 Et
359 1118 550 1167 quociens
580 1131 680 1168 opus
712 1125 781 1165 est,
813 1118 927 1156 fallax
957 1124 1107 1167 egrotat
1136 1117 1273 1164 amica,

276 1183 419 1221 Vultus
449 1190 487 1222 et
517 1184 685 1222 exterius
715 1183 868 1233 absque
897 1183 1034 1221 dolore
1063 1182 1181 1220 dolet.

276 1249 458 1286 Monstra
486 1249 603 1286 maris
633 1248 788 1286 Sirenes
818 1253 939 1294 erant,
971 1260 1049 1297 que
1077 1259 1175 1286 voce
1204 1258 1347 1285 canora

277 1312 486 1361 Quaslibet
515 1314 707 1352 admissas
736 1313 951 1351 detenuere
980 1319 1080 1350 rates
1095 1326 1105 1360 3

277 1378 342 1416 Sic
371 1378 438 1428 qui
467 1377 687 1416 blandicias
717 1378 827 1416 audit
856 1378 972 1416 solito
1001 1376 1225 1424 muliebres,

276 1443 371 1481 Non
399 1444 502 1481 valet
531 1456 553 1481 a
582 1444 693 1493 lapsu
723 1444 854 1481 saluus
883 1441 992 1481 abire
1020 1443 1177 1492 pedem.

276 1508 442 1557 Pingere
471 1508 571 1546 Sicut
601 1508 721 1546 habet
750 1508 893 1546 multas
923 1520 1064 1545 manus
1094 1519 1169 1545 vna
1199 1507 1352 1557 figuras,

276 1573 368 1621 Que
397 1573 511 1611 variis
540 1573 676 1611 formis
706 1572 940 1611 diuaricabit
969 1585 1080 1622 opus,

275 1638 368 1676 Sola
396 1638 471 1676 sibi
500 1639 627 1676 varios
656 1639 797 1676 mulier
826 1639 881 1676 sic
910 1645 1025 1688 auget
1054 1644 1244 1686 amanteS,

278 1704 392 1752 Quos
422 1705 560 1742 Venus
589 1704 629 1741 in
659 1704 807 1742 fatuam
837 1704 998 1742 credere
1027 1704 1131 1753 cogit
1160 1716 1290 1752 opem.

278 1769 400 1816 Quod
430 1775 568 1806 natura
597 1768 671 1806 sibi
701 1769 857 1818 sapiens
885 1769 1006 1816 dedit,
1039 1769 1103 1806 illa
1131 1769 1326 1815 reformat,

277 1833 330 1871 Et
359 1834 488 1883 placet
518 1834 557 1871 in
587 1833 708 1872 blesis
739 1834 908 1872 subdola
936 1834 1071 1883 lingua
1100 1834 1203 1882 suis;

277 1898 375 1936 Eius
404 1899 510 1936 enim
540 1899 670 1948 plures
700 1899 827 1936 fatuos
857 1899 1041 1936 facundia
1070 1904 1238 1947 torquet,

278 1964 386 2000 Dum
416 1963 539 2001 modo
568 1963 746 2010 ridendo,
779 1975 885 2000 nunc
915 1975 1075 2012 quoque
1105 1963 1239 2001 flendo
1268 1963 1406 2012 placet.

278 2028 342 2066 Sic
372 2028 495 2078 fragili
525 2029 648 2078 pingit
678 2035 780 2066 totas
810 2029 850 2065 in
880 2040 1047 2077 corpore
1076 2035 1215 2077 partes,

277 2093 403 2131 Addit
432 2100 470 2132 et
498 2094 549 2132 ad
579 2094 744 2131 formam
775 2106 894 2142 quam
925 2093 1024 2131 deus
1054 2093 1137 2142 ipse
1165 2093 1286 2131 dedit.

277 2158 411 2196 Huius
441 2171 514 2208 ego
543 2159 692 2196 crimen
722 2158 897 2196 detestor
924 2158 1022 2196 ferre
1051 2158 1219 2208 loquele,

277 2224 410 2272 Quam
439 2223 562 2274 magis
591 2230 773 2273 expertus
801 2223 898 2261 alter
925 2222 977 2261 ab
1005 2230 1097 2261 ante
1125 2223 1240 2270 tulit;

278 2289 429 2327 Codice
458 2302 601 2339 nempe
631 2302 703 2327 suo
732 2289 895 2327 referam
925 2301 1003 2339 que
1031 2289 1204 2326 carmina
1233 2295 1340 2327 vates

278 2355 446 2393 Rettulit
476 2355 657 2402 Ouidius,
690 2367 763 2393 nec
792 2354 912 2392 michi
942 2353 1059 2392 verba
1089 2360 1235 2391 tenent.

331 2421 464 2469 thue
493 2433 607 2458 suum
637 2420 792 2458 iuuenis
821 2420 960 2457 mulier
989 2431 1144 2457 seruare
1174 2419 1359 2462 decorem

279 2485 469 2534 Temptat
498 2491 537 2523 et
566 2485 606 2522 in
635 2485 750 2523 variis
779 2485 1019 2534 amplificare
1049 2483 1191 2529 studet,

278 2549 343 2588 Sic
371 2556 482 2587 vetus
511 2550 642 2588 amissi
673 2550 845 2600 speciem
875 2561 1066 2588 renouare
1094 2547 1236 2586 coloris

279 2614 418 2663 Spirat,
450 2621 488 2652 et
516 2615 723 2664 vnguentis
753 2613 978 2653 sollicitabit
1007 2626 1120 2663 opuS.

281 2679 458 2717 Horrida
487 2680 588 2717 sicut
616 2693 754 2729 yemps
783 2680 863 2730 agit
891 2687 931 2717 vt
961 2691 1092 2728 neque
1121 2678 1200 2715 lilia
1230 2677 1381 2724 florent,

279 2745 347 2782 Set
376 2744 472 2793 riget
501 2745 644 2782 amissa
673 2746 785 2794 spina
813 2745 947 2784 relicta
976 2756 1073 2791 rosa,

279 2809 343 2847 Sic
372 2809 471 2858 rapit
499 2822 521 2846 a
550 2809 674 2847 forma
702 2817 852 2848 veteres
882 2817 963 2848 etas
993 2809 1187 2856 mulieres,

367 2885 432 2925 368
457 2885 634 2916 detinuere
650 2885 708 2916 (ΞΕ
840 2885 904 2925 389
929 2885 1074 2925 hyemps
1091 2884 1118 2915 C
1251 2893 1317 2924 390
1341 2882 1397 2915 Sic
1415 2883 1442 2914 C

873 2952 895 2977 P
918 2953 937 2978 2

1553 240 1630 267 211

1571 797 1636 836 360

1573 1456 1638 1490 3270

1573 2098 1636 2137 380

1572 2757 1635 2790 390
