2095 3173
614 249 802 291 LIBER
842 245 1155 290 SEPTIMUS
1537 245 1613 282 281

262 360 348 398 Nec
378 371 489 397 socer
517 370 540 396 a
568 370 725 408 genero,
755 357 850 395 dum
880 362 992 394 vacat
1021 355 1104 404 ipse
1132 354 1252 391 lucro.

315 426 514 474 Tempore
544 436 650 461 nunc
679 424 809 472 plures
839 422 932 460 odio
961 426 1190 459 remanente
1219 418 1400 464 salutant,

261 492 439 539 Tempus
468 496 506 528 et
535 490 586 527 ad
615 489 807 527 vomitum
837 487 1007 525 ruminat
1036 487 1091 523 ira
1119 497 1257 523 suum:

264 556 383 593 Facta
410 561 574 593 mouent
603 554 751 600 odium,
783 553 902 590 facies
931 558 1064 590 exorat
1092 562 1279 596 amorem,

265 620 412 658 Oscula
441 619 638 668 pretendit
667 630 722 664 os,
754 629 894 655 manus
924 623 1043 665 atque
1072 615 1171 653 ferit.
1556 626 1622 656 320

263 684 497 723 Pectoribus
526 696 656 721 mores
685 690 742 721 tot
772 689 862 720 sunt
891 688 988 731 quot
1017 681 1057 718 in
1087 679 1182 718 orbe
1212 680 1345 729 figure,

267 751 354 788 Nec
383 750 546 799 longum
577 748 716 786 stabile
744 748 841 797 quid
870 746 1058 785 bonitatis
1087 745 1259 783 habent:

266 816 401 864 thue
430 815 538 852 leues
570 814 763 851 Protheus
794 824 878 850 sese
907 811 1085 849 tenuauit
1114 811 1154 847 in
1183 810 1319 856 vndas,

266 881 385 918 Nunc
414 881 488 927 leo,
520 892 626 917 nunc
656 878 781 925 arbor,
813 889 920 915 nunc
949 883 1029 914 erat
1057 876 1198 921 hircus,
1230 887 1333 924 aper,

266 947 330 985 Sic
359 946 502 984 modus
532 946 582 983 ad
611 957 772 994 presens
801 943 1008 981 hominum
1039 941 1238 979 mutabilis
1268 946 1382 987 extat,

266 1012 352 1049 Nec
381 1011 463 1049 scio
492 1023 572 1060 quo
601 1022 764 1059 possum
794 1009 928 1046 firmus
957 1007 1065 1044 adire
1093 1007 1269 1056 gradum.

266 1078 399 1114 Vacca
428 1077 476 1113 sit
505 1071 556 1113 an
585 1082 718 1113 taurus
747 1086 828 1112 non
858 1080 916 1111 est
944 1083 1184 1122 cognoscere
1213 1077 1453 1120 promptum,

266 1143 359 1180 Pars
388 1142 493 1191 prior
520 1147 691 1190 apparet,
722 1139 936 1189 posteriora
965 1139 1111 1178 latent:

267 1208 331 1245 Sic
361 1207 486 1256 prima
516 1207 615 1244 facie
645 1218 726 1243 non
756 1211 815 1243 est
845 1215 1084 1254 cognoscere
1113 1201 1303 1249 verbum,

268 1272 348 1321 Qui
379 1272 500 1309 nichil
529 1271 712 1317 occultat,
744 1270 921 1319 pondera
950 1269 1039 1306 finis
1069 1267 1199 1306 habet.
1561 1280 1626 1311 330

267 1337 374 1375 Dum
404 1337 521 1375 fueris
551 1336 652 1383 felix,
684 1336 813 1385 plures
844 1340 1100 1372 numerantur
1128 1332 1255 1379 amici,

268 1405 418 1452 Aspera
447 1403 478 1440 si
508 1401 653 1439 fuerint
682 1408 872 1449 tempora,
905 1400 1011 1437 solus
1041 1399 1139 1437 eris:

267 1469 319 1505 Vt
349 1468 461 1516 lepus
491 1467 531 1504 in
561 1467 675 1504 variis
705 1465 858 1515 fugiens
889 1477 931 1502 se
959 1464 1088 1501 munit
1117 1464 1157 1500 in
1187 1463 1302 1510 aruis,

269 1534 383 1570 Errat
413 1538 452 1570 et
481 1532 521 1568 in
551 1532 658 1568 nulla
687 1531 781 1581 sede
810 1536 984 1567 moratur
1014 1541 1133 1566 amor.

267 1598 466 1646 Tempore
495 1596 618 1634 creuit
647 1608 758 1633 amor
785 1595 962 1644 antiquo,
995 1600 1053 1632 set
1082 1593 1280 1631 resolutus

268 1663 343 1699 Vix
372 1663 468 1700 vltra
497 1674 577 1710 quo
608 1673 714 1698 nunc
744 1660 1013 1710 progrediatur
1042 1658 1186 1696 habet:

270 1727 375 1765 Illud
404 1727 583 1765 amicicie
612 1726 817 1775 quondam
846 1723 1071 1763 venerabile
1100 1735 1248 1761 nomen

269 1793 408 1839 Cessit,
440 1799 478 1830 et
507 1792 547 1828 in
577 1798 718 1840 questu
747 1803 819 1840 pro
849 1790 1051 1827 meretrice
1081 1789 1204 1826 sedet.

269 1856 387 1895 Orbis
416 1856 624 1894 honorifici
654 1855 810 1905 periunt
839 1855 1018 1903 exempla
1047 1854 1194 1902 prioris,

271 1923 322 1960 Et
353 1921 473 1959 nichil
502 1927 560 1959 est
590 1921 641 1959 de
670 1933 750 1970 quo
779 1919 857 1957 iam
887 1920 936 1957 sit
965 1918 1151 1956 habenda
1179 1918 1290 1955 fides.
1566 1931 1630 1961 340

326 1988 444 2024 Nunc
472 1999 582 2024 amor
611 1992 670 2024 est
699 1986 818 2032 solus,
850 1997 925 2022 nec
954 1983 1071 2022 sentit
1101 1983 1246 2021 habere
1276 1981 1508 2026 secundum,

273 2053 388 2090 Stans
417 2052 592 2101 odioque
620 2050 691 2089 tibi
721 2051 846 2100 diligit
875 2051 959 2099 ipse
987 2056 1066 2087 tua.

275 2118 338 2155 Sic
367 2124 425 2154 est
454 2116 563 2165 quod
593 2129 674 2154 non
703 2122 762 2154 est
790 2116 901 2164 lepus
931 2121 968 2152 et
997 2113 1210 2163 leporarius
1240 2125 1389 2160 vnum,

274 2182 420 2220 Nescio
450 2182 558 2230 quod
588 2181 714 2228 video,
747 2193 834 2218 sum
864 2192 995 2229 neque
1025 2191 1142 2217 cecus
1171 2190 1257 2228 ego.

275 2248 345 2285 Est
375 2247 512 2285 odium
541 2258 755 2284 commune
784 2245 917 2293 modo,
949 2251 1009 2283 set
1037 2256 1148 2282 amor
1176 2243 1288 2293 quasi
1317 2242 1423 2296 fenix

274 2314 347 2350 Per
376 2313 463 2350 loca
493 2312 647 2350 deserta
677 2312 782 2349 solus
812 2311 852 2348 in
881 2310 978 2349 orbe
1007 2310 1135 2348 laten

274 2378 346 2415 Est
375 2389 549 2415 nocuum
578 2377 722 2415 ferrum
751 2377 933 2426 ferroque
962 2373 1178 2413 nocencius
1208 2385 1359 2420 aurum,

275 2442 399 2481 Cuius
428 2455 534 2479 nunc
563 2441 668 2480 bello
697 2443 880 2480 sternitur
909 2441 1038 2479 omnis
1068 2440 1203 2478 homo.

277 2507 387 2555 Quid
415 2507 547 2554 modo,
578 2519 751 2557 cumque
779 2519 920 2544 manus
949 2505 1137 2543 mentitur
1165 2504 1300 2542 dextra
1329 2503 1493 2549 sinistre,

278 2572 432 2619 Dicam,
464 2572 659 2621 numquid
687 2573 809 2610 homo
837 2571 972 2609 credet
1000 2570 1041 2608 id
1071 2570 1154 2619 ipse
1183 2569 1287 2606 Sibi?
1567 2581 1630 2613 350

277 2636 475 2676 Omnibus
503 2638 543 2674 in
572 2637 711 2685 causis,
741 2637 807 2675 vbi
836 2635 1050 2675 commoda
1078 2640 1170 2672 sunt
1199 2646 1247 2671 ve
1275 2633 1467 2682 voluptas,

278 2703 396 2740 Nunc
425 2702 568 2740 modus
597 2709 655 2740 est
684 2715 762 2752 que
792 2703 891 2740 fides
921 2714 1002 2739 non
1031 2699 1218 2737 habuisse
1244 2698 1389 2736 fidem:

279 2769 422 2817 Sicque
450 2767 597 2816 pedum
627 2774 753 2806 statue
782 2768 928 2817 duplex
956 2765 1100 2804 variata
1130 2765 1251 2814 figura

279 2834 410 2881 Quam
440 2831 565 2871 varios
594 2832 801 2870 hominum
831 2833 957 2881 signat
986 2831 1033 2885 inv
1055 2828 1151 2868 orbe
1180 2829 1305 2867 dolos.

598 2916 664 2946 350
686 2907 802 2939 credet
821 2905 1014 2938 CEHGDL
1060 2903 1166 2936 credit
1183 2904 1208 2935 S
