2095 3173
711 198 899 239 LIBER
941 196 1227 248 QUINTUS

345 307 439 345 Non
468 313 602 345 tamen
631 306 671 344 in
701 318 816 344 cursu
847 305 889 342 fit
918 305 1041 354 magis
1070 304 1165 342 inde
1192 303 1320 342 celer:

343 373 537 411 Indoctus
568 384 646 422 que
675 371 781 409 rudis
811 383 885 409 nec
914 370 1036 408 homo
1065 375 1238 407 mutatur
1266 367 1428 416 honore,

344 438 582 476 Rusticitate
613 450 683 475 sua
713 437 809 487 quin
840 436 964 486 magis
995 447 1110 484 asper
1139 435 1221 473 erit.

342 503 520 542 Coruum
550 502 714 552 perfidie
744 502 963 550 dampnant
992 500 1176 538 animalia
1205 512 1374 550 queque,

341 568 406 606 Sic
435 575 494 606 est
522 568 572 606 de
601 568 689 605 ciue
719 566 787 616 qui
817 573 892 604 stat
921 566 961 603 in
989 565 1084 603 vrbe
1113 565 1239 604 male:

343 634 538 682 Quamuis
568 645 650 671 sors
679 632 795 670 fallax
823 631 1028 669 hominem
1057 631 1142 669 sine
1171 630 1348 669 moribus
1377 628 1471 669 vrbe

343 700 552 748 Preponat,
584 698 671 748 quis
702 698 751 735 sit
780 697 917 735 vltima
946 697 1049 734 fama
1078 695 1200 735 dabit.

395 764 466 801 Vir
494 764 620 802 malus
650 770 709 801 est
738 762 947 800 hominum
976 762 1191 800 multorum
1220 773 1315 811 sepe
1343 760 1551 811 flagellum,

343 830 476 878 Quem
506 829 604 867 deus
633 829 684 867 ad
713 835 870 877 tempus
899 828 1010 877 plura
1039 840 1200 865 mouere
1229 826 1344 866 sinit:

342 896 441 934 Fine
469 905 604 933 tamen
633 895 792 944 proprio
820 894 938 943 capiti
967 894 1071 931 mala
1099 899 1244 931 cuncta
1271 892 1455 939 refundit,

341 961 434 1010 Que
462 961 554 999 foris
585 961 624 998 in
653 960 802 1010 populo
831 960 975 997 fecerat
1004 958 1088 1007 ipse
1117 959 1233 1008 prius.

341 1027 455 1065 Mille
485 1026 605 1064 cados
636 1025 712 1064 olei
741 1025 884 1074 premit
912 1024 1026 1062 vncia
1055 1025 1138 1062 sola
1166 1024 1321 1071 veneni,

341 1092 456 1130 Solus
485 1091 667 1129 millenos
697 1091 754 1128 vir
782 1090 909 1128 malus
938 1096 1058 1139 atque
1087 1089 1240 1128 bonos:

341 1157 495 1206 Ignitus
524 1155 643 1194 carbo
672 1156 802 1205 plures
832 1155 1013 1204 producit
1042 1155 1082 1192 in
1111 1155 1254 1204 ignem,

341 1222 405 1260 Sic
434 1222 537 1259 mala
566 1223 690 1259 multa
719 1221 820 1267 facit,
853 1232 933 1269 quo
962 1226 1095 1258 manet
1124 1220 1219 1269 ipse,
1250 1219 1401 1258 malus:

339 1287 448 1325 Talis
477 1288 583 1325 enim
614 1298 811 1325 summam
840 1285 954 1323 fuerit
983 1297 1075 1323 cum
1105 1296 1267 1323 scansus
1296 1284 1336 1321 in
1366 1296 1508 1331 arcem,

339 1352 466 1402 Spirat
495 1359 532 1391 et
562 1352 727 1401 imperio
757 1351 926 1389 subdere
954 1356 1098 1388 cuncta
1128 1362 1209 1396 suo,

340 1418 514 1456 Vertitur
542 1429 636 1456 ecce
664 1423 759 1464 rota,
791 1416 896 1466 prius
926 1422 965 1454 et
993 1416 1061 1464 qui
1090 1415 1230 1453 celsior
1258 1414 1363 1453 vrbis

342 1483 494 1531 Extitit,
523 1483 682 1521 inferior
710 1481 897 1520 omnibus
927 1482 1012 1531 ipse
1041 1481 1156 1519 cadit.

341 1549 462 1586 Fraus
492 1548 629 1586 florere
657 1554 796 1598 potest,
829 1553 887 1585 set
916 1547 1149 1584 fructificare
1180 1545 1371 1596 nequibit,

339 1615 426 1652 Nec
455 1626 524 1652 sua
552 1614 703 1652 radices
731 1613 908 1663 plantula
936 1613 1063 1650 firmat
1091 1613 1239 1650 humo:

339 1680 420 1717 Res
450 1679 591 1728 probat
619 1679 659 1716 in
689 1679 778 1725 fine,
809 1691 901 1716 cum
930 1678 1018 1727 quis
1046 1678 1283 1715 tumefactus
1312 1689 1428 1715 auare

340 1745 391 1783 Se
420 1744 531 1782 dabit
560 1745 600 1781 in
630 1745 817 1793 precium,
849 1755 931 1781 non
961 1744 1044 1781 fore
1072 1743 1220 1792 grande
1248 1743 1412 1779 lucrum.

340 1810 521 1858 Quisque
549 1810 653 1847 valet
682 1809 844 1858 speculo
874 1808 966 1846 satis
996 1808 1069 1845 ista
1098 1807 1231 1846 videre
1259 1807 1464 1853 moderno,

339 1875 416 1911 Vix
444 1881 578 1912 tamen
607 1881 665 1912 est
695 1874 861 1922 sapiens,
893 1874 961 1922 qui
989 1879 1105 1910 cauet
1132 1879 1220 1910 acta
1249 1872 1399 1910 videns.

1620 208 1699 248 225

1640 437 1703 471 860

1636 1094 1702 1135 870

1635 1747 1700 1779 880

278 2031 356 2067 Hic
373 2032 556 2076 loquitur
574 2032 705 2067 eciam
725 2031 774 2066 de
793 2031 881 2066 ciue
901 2031 987 2073 illo,
1005 2031 1073 2075 qui
1089 2030 1309 2074 linguosus
1328 2032 1369 2065 et
1387 2029 1567 2065 Susurro
1586 2031 1698 2066 inter

233 2091 428 2126 conciues
455 2091 687 2125 seminator
717 2090 1015 2125 discordiarum
1043 2090 1200 2124 existit.
1249 2088 1452 2132 Loquitur
1483 2089 1532 2124 de
1561 2089 1699 2124 variis

234 2150 365 2186 eciam
391 2150 587 2193 periculis
613 2150 836 2184 occasione
862 2150 1002 2192 lingue
1027 2148 1136 2182 male
1161 2147 1517 2191 contingentibus.

86 2231 214 2281 Capm.
237 2232 311 2270 xvi.

273 2807 338 2845 876
361 2806 459 2837 cadet
474 2804 532 2836 CE

397 2232 506 2268 Dum
535 2231 699 2269 Susurro
729 2236 862 2268 manet
891 2236 929 2268 et
958 2229 1014 2267 vir
1041 2229 1244 2279 linguosus
1274 2229 1313 2266 in
1343 2227 1448 2275 vrbe,

341 2295 473 2335 Plebis
502 2296 541 2333 in
572 2295 828 2345 obprobrium
858 2294 1043 2333 scandala
1072 2294 1182 2343 plura
1212 2300 1372 2341 mouet,

340 2362 445 2399 Nam
473 2361 675 2410 linguosus
705 2360 826 2398 homo
855 2360 1027 2409 reliquos
1057 2359 1161 2397 velut
1191 2359 1310 2396 altera
1338 2358 1459 2407 pestis

340 2426 467 2471 Ledit‚
498 2433 535 2464 et
564 2433 603 2463 vt
632 2425 747 2463 turbo
777 2437 870 2475 sepe
898 2431 1059 2474 repente
1088 2430 1217 2461 nocet.

339 2492 407 2529 Set
435 2491 526 2539 quia
554 2491 686 2540 lingua
715 2491 817 2528 mala
846 2490 998 2528 mundo
1028 2489 1154 2527 scelus
1184 2499 1304 2525 omne
1332 2487 1537 2534 ministrat,

341 2556 432 2604 Que
461 2555 534 2593 sibi
564 2562 655 2593 sunt
683 2556 782 2593 vires
812 2556 943 2593 dicere
971 2554 1094 2593 tendo
1123 2565 1274 2603 graues.

340 2622 492 2670 Lingua
521 2627 655 2658 mouet
682 2620 780 2666 lites,
811 2620 858 2658 lis
886 2620 1018 2669 prelia,
1048 2618 1169 2668 prelia
1197 2616 1366 2667 plebem,

339 2685 457 2724 Plebs
485 2685 646 2735 gladios,
676 2685 794 2734 gladii
823 2685 1016 2731 scismata,
1047 2684 1190 2721 scisma
1218 2694 1381 2731 necem,

275 2858 358 2897 Cap.
377 2857 445 2889 xvi.
462 2855 623 2897 Heading
644 2867 663 2886 2
675 2855 695 2889 f.
720 2856 826 2887 eciam
843 2857 886 2888 de
902 2856 1006 2887 variis
1023 2854 1116 2886 EDL

287 2911 382 2932 ****
944 2921 970 2955 Q

1627 2690 1693 2731 890

641 2804 702 2834 881
728 2803 813 2842 Quis
830 2804 921 2835 valet
937 2804 970 2834 in
986 2802 1129 2843 speculo
1146 2802 1177 2833 D
1223 2801 1387 2842 Quisquzs
1401 2802 1491 2834 valet
1506 2803 1647 2844 speculo
1666 2804 1692 2834 L
