2095 3173
719 232 906 272 LIBER
948 232 1191 274 SEXTUS
1608 240 1682 275 261

331 339 472 376 Annus
501 345 539 376 et
567 351 695 376 annus
725 338 817 386 abit,
849 351 1003 389 semper
1032 338 1230 389 sapiencia
1259 339 1400 388 stabit;

331 404 445 442 Stans
476 415 591 453 super
619 404 722 441 hanc
750 411 899 453 petram
930 417 1010 442 non
1040 405 1155 443 cadet
1183 405 1259 443 vlla
1287 405 1440 444 domus.

331 470 414 507 Res
444 476 502 507 est
530 476 636 519 grata
666 481 801 507 senem
832 468 1055 508 iuueniliter
1083 482 1169 508 esse
1197 470 1386 518 iocosum,

331 533 494 572 Gracior
523 541 582 573 est
612 535 797 572 iuuenem
827 534 1003 572 moribus
1033 547 1119 573 esse
1148 548 1296 574 senem.

330 598 410 647 Qui
438 611 571 649 gressu
602 612 754 637 morum
785 600 960 650 sequitur
988 612 1068 649 quo
1097 601 1179 638 vult
1208 601 1317 648 deus,
1349 601 1458 639 illum

331 663 511 702 Precedit
541 676 618 713 que
648 677 737 702 suas
767 664 895 702 firmat
925 663 1069 714 vbique
1098 664 1189 703 vias.
1603 673 1686 704 1060

332 730 455 768 Mane
485 741 643 779 precare
672 730 804 777 deum,
835 730 945 779 quod
975 730 1051 767 leta
1081 730 1164 768 dies
1195 730 1266 768 tibi
1296 731 1467 780 plaudat,

329 795 515 844 Vespere,
547 795 656 844 quod
686 801 792 832 tutus
821 801 999 844 tempora
1029 794 1156 833 noctis
1184 807 1299 845 agas:

329 860 433 897 Nam
465 872 530 898 rex
559 860 626 909 qui
656 873 813 898 summo
842 872 885 898 se
913 861 995 898 vult
1025 860 1256 899 submittere
1285 860 1375 911 regi,

329 925 494 974 Optinet
522 926 562 963 in
592 938 711 975 regno
741 932 882 963 cuncta
911 924 1033 974 petita
1061 938 1144 964 suo.

383 991 430 1028 In
461 990 644 1028 manibus
674 1003 808 1040 regum
838 991 979 1040 regalia
1008 998 1140 1040 ceptra
1169 997 1361 1037 tenentur,

327 1056 381 1093 Vt
411 1056 521 1105 quasi
552 1068 620 1105 per
649 1057 795 1106 virgam
825 1063 968 1094 cuncta
997 1055 1139 1093 nociua
1169 1056 1286 1105 fugat.

328 1120 364 1158 O
395 1133 470 1167 rex,
502 1133 593 1170 ergo
623 1128 688 1159 tue
717 1128 784 1159 tua
813 1121 888 1170 legi
916 1120 1050 1159 debita
1079 1121 1200 1168 solue,

328 1185 514 1235 Corporis
543 1198 589 1224 ac
617 1187 749 1224 anime
779 1187 887 1235 quod
917 1187 965 1224 sit
995 1185 1154 1224 honoris
1183 1198 1278 1235 age:

329 1250 449 1289 Sume
478 1251 617 1298 bonos,
649 1252 804 1301 depelle
834 1252 970 1298 malos,
1002 1249 1053 1289 sis
1082 1249 1173 1289 iuris
1203 1257 1363 1298 amator,

327 1315 386 1354 Sis
416 1317 503 1365 pius
533 1323 571 1354 et
600 1317 791 1366 populum
821 1317 944 1365 dirige
973 1317 1058 1366 lege
1087 1323 1223 1356 tuum:
1599 1331 1682 1364 1070

326 1382 393 1419 Set
422 1382 483 1419 lex
512 1388 552 1419 vt
580 1381 713 1430 prosit,
744 1382 907 1420 accedat
936 1382 1065 1431 gracia
1094 1380 1169 1431 legi

326 1448 399 1485 Per
428 1446 613 1492 Cristum‚
645 1446 730 1485 sine
759 1459 839 1496 quo
868 1447 929 1484 lex
958 1447 1064 1484 bona
1093 1447 1200 1484 nulla
1229 1447 1365 1486 datur:

324 1510 381 1549 Sit
410 1510 481 1549 tibi
511 1511 601 1549 iuris
631 1512 768 1559 honor,
799 1511 916 1550 timor
944 1511 1091 1558 excicii,
1124 1512 1251 1561 pudor
1279 1513 1417 1560 almus,

324 1575 560 1626 Simplicitas
589 1576 720 1624 animi,
750 1576 1007 1627 proximitatis
1036 1590 1155 1615 amor.

324 1643 422 1689 Rex,
453 1641 506 1680 ita
535 1641 567 1680 si
596 1643 752 1691 sapiens
782 1641 908 1692 sapias
938 1641 1134 1692 sapienter
1162 1643 1214 1681 ad
1243 1654 1394 1690 omnes,

323 1705 439 1742 Tunc
468 1705 571 1754 sapis
602 1704 642 1743 in
673 1704 803 1745 Cristo
828 1718 947 1754 regna
976 1717 1115 1754 sapore
1144 1705 1264 1743 bono.

259 1827 338 1862 Hic
355 1827 536 1870 loquitur
561 1828 739 1871 qualiter
762 1827 840 1862 celi
864 1827 978 1868 deus,
995 1827 1064 1871 qui
1086 1830 1153 1862 est
1177 1837 1253 1862 rex
1269 1838 1412 1871 regum
1429 1830 1471 1863 et
1488 1828 1678 1864 dominus

212 1886 531 1927 dominancium,
550 1895 576 1919 a
592 1885 759 1929 regibus
776 1887 889 1920 terre
906 1895 1009 1929 pura
1026 1888 1166 1920 mente
1184 1887 1374 1930 precipue
1392 1887 1589 1922 colendus
1612 1891 1678 1923 est

215 1945 257 1978 et
274 1953 398 1986 super
417 1943 559 1977 omnia
575 1942 832 1977 metuendus.

42 2025 192 2072 ,Capssk
215 2024 286 2060 xvi.
373 2023 409 2062 O
439 2035 514 2069 rex,
547 2021 737 2072 quicquid
766 2022 888 2060 habes
917 2022 1027 2061 dedit
1056 2023 1132 2061 hoc
1161 2023 1271 2070 deus,
1303 2029 1341 2061 et
1370 2023 1490 2061 nichil
1519 2037 1542 2063 a
1571 2032 1609 2063 te

321 2088 393 2125 Est
422 2087 531 2137 quod
560 2086 682 2125 habes
711 2086 923 2137 proprium,
956 2088 1017 2126 vel
1045 2088 1154 2138 quod
1184 2087 1330 2127 habere
1359 2096 1495 2138 potes:

320 2153 419 2190 Esse
447 2158 664 2190 creaturam
694 2159 732 2191 te
762 2165 883 2191 nosce
913 2152 988 2200 dei,
1021 2165 1094 2191 nec
1122 2153 1173 2191 ab
1203 2152 1286 2192 eius

319 2218 382 2254 Tu
414 2216 576 2255 discede
605 2217 686 2264 viis,
719 2216 750 2255 si
779 2217 884 2256 bene
915 2224 1017 2256 stare
1045 2218 1152 2256 velis.
1590 2227 1673 2257 1080

321 2282 467 2320 Nobile
496 2294 637 2331 corpus
667 2281 789 2320 habes
819 2289 857 2321 et
887 2281 1038 2332 singula
1067 2282 1245 2321 membra
1274 2283 1428 2331 decora,

321 2346 378 2385 Sit
406 2346 525 2385 virtus
554 2345 676 2384 animi
705 2348 761 2385 sic
790 2347 912 2397 magis
943 2347 1008 2386 illa
1036 2347 1130 2387 tibi:

320 2413 373 2449 Vt
402 2410 494 2450 foris
523 2418 582 2449 est
611 2413 735 2450 forma
763 2412 835 2451 tibi
865 2412 1083 2462 splendida,
1115 2413 1321 2462 splendeat
1350 2413 1451 2452 intra

319 2478 437 2514 Mens
466 2483 542 2523 tua,
575 2477 682 2525 quod
712 2476 794 2524 tibi,
826 2490 902 2525 rex,
934 2479 981 2516 sit
1011 2478 1131 2516 decor
1159 2477 1223 2516 ille
1252 2479 1408 2527 duplex.

320 2540 456 2579 Labile
485 2541 608 2579 forma
638 2541 801 2590 bonum,
833 2543 984 2592 species
1013 2543 1173 2580 inimica
1201 2543 1363 2593 pudoris

318 2605 422 2644 Vtile
451 2606 637 2643 virtutum
667 2618 760 2656 sepe
788 2607 957 2645 retardat
987 2606 1081 2646 iter:

318 2671 461 2708 Forma
490 2669 555 2709 dei
583 2683 737 2718 munus,
768 2672 893 2710 forma
922 2684 1010 2721 pars
1039 2672 1162 2709 multa
1191 2672 1377 2722 superbit,

318 2736 411 2773 Non
441 2742 572 2773 tamen
603 2735 643 2772 in
673 2737 818 2775 sanctis
848 2744 923 2775 stat
952 2736 1092 2775 viciata
1121 2736 1235 2775 viris:

316 2801 410 2839 Non
439 2800 510 2839 tibi
539 2800 663 2838 forma
692 2801 812 2839 deum
842 2809 900 2840 set
929 2814 1041 2840 mens
1072 2801 1222 2841 sincera
1251 2810 1429 2850 meretur,

550 2890 632 2920 1073
657 2882 775 2914 excicii
791 2883 1011 2915 SEHGDLT
1056 2882 1157 2914 exicii
1173 2882 1282 2926 (corr.)
1300 2883 1327 2914 C
