2095 3173
623 226 812 266 LIBER
852 224 1166 266 SEPTIMUS
1568 236 1648 275 313

272 330 510 381 consumpti
537 331 671 378 simus,
700 330 866 381 corrigat
894 329 978 380 ipse
1006 330 1144 369 malus.

327 397 496 446 Corrigit
525 397 589 434 hic
619 397 825 444 mundum,
858 397 925 446 qui
955 409 1023 434 cor
1050 395 1191 434 retinet
1220 394 1293 433 sibi
1324 394 1544 433 mundum:

274 462 354 501 Cor
384 463 506 512 magis
536 463 641 500 vnde
670 470 786 512 regat,
818 462 892 500 hec
921 460 995 500 sibi
1025 462 1168 511 scripta
1195 461 1310 510 legat.

274 527 395 575 Quod
425 528 559 576 scripsi
590 526 716 576 plebis
745 540 820 565 vox
846 533 916 573 est,
948 533 1016 565 set
1045 533 1089 564 et
1119 527 1207 564 ista
1235 524 1431 572 videbis,

275 592 378 640 Quo
407 593 577 629 clamat
607 592 819 641 populus,
852 598 920 630 est
949 591 1012 629 ibi
1044 603 1151 640 sepe
1180 591 1305 629 deus.
1550 602 1633 637 1470

273 655 354 704 Qui
383 656 512 694 bonus
542 663 601 694 est
629 656 739 694 audit
767 655 885 702 bona,
917 663 975 694 set
1003 668 1209 705 peruersus
1238 654 1414 701 obaudit,

273 721 339 758 Ad
368 720 475 759 bona
504 727 563 759 set
593 733 740 770 pronus
769 720 903 759 audiat
932 721 1006 759 ista
1034 721 1175 759 bonus.

276 787 367 823 Hec
397 786 450 823 ita
480 784 622 835 scripta
651 785 747 824 sciat
777 786 913 833 malus,
945 793 984 824 vt
1013 786 1143 824 bonus
1172 785 1361 823 ammodo
1389 785 1468 831 fiat,

275 851 326 887 Et
355 849 484 888 bonus
514 851 588 889 hec
618 857 766 900 querat,
796 857 836 889 vt
866 852 1029 889 meliora
1056 858 1173 900 gerat.

274 916 453 954 Mundus
483 929 565 954 non
593 915 689 954 ledit
717 915 875 963 iustum,
908 916 1010 955 bene
1039 916 1261 954 dummodo
1290 913 1424 962 credit,

277 981 453 1028 Quando
483 988 542 1019 set
570 980 735 1028 excedit,
767 981 940 1019 mundus
969 981 1020 1019 ad
1048 994 1157 1018 arma
1185 979 1310 1019 redit:

278 1047 456 1084 Mundus
486 1047 556 1084 erit
586 1047 684 1093 talis,
716 1047 830 1084 fuerit
858 1047 996 1083 viuens
1025 1046 1147 1084 homo
1176 1046 1328 1095 qualis3

276 1111 419 1149 Obstet
448 1112 573 1150 vitalis
601 1111 766 1161 quilibet
796 1123 888 1161 ergo
917 1110 1040 1149 malis.

280 1176 433 1225 Culpa
461 1176 651 1226 quidem
681 1177 784 1223 lata,
815 1189 905 1226 qua
932 1175 1079 1213 virtus
1109 1182 1200 1213 Stat
1228 1175 1411 1222 viciata,

282 1241 397 1280 Cum
428 1254 519 1280 non
549 1248 744 1291 purgata
773 1240 912 1279 fuerit
941 1247 1010 1279 set
1039 1242 1327 1288 continuata,
1552 1246 1635 1287 1480

279 1307 385 1355 Que
414 1307 583 1345 meruit
613 1308 705 1345 fata
736 1313 842 1345 sunt
871 1305 961 1345 sibi
990 1307 1079 1345 fine
1108 1307 1227 1344 data.

217 1417 399 1460 Explicit
447 1417 609 1452 libellus
658 1417 727 1461 qui
775 1416 1015 1451 intitulatur
1062 1415 1156 1450 Vox
1206 1415 1452 1456 Clamantis,
1500 1415 1636 1450 editus

170 1475 362 1518 precipue
401 1485 526 1518 super
568 1475 746 1509 articulo
787 1474 910 1518 primi
950 1474 1182 1514 infortunii,
1223 1474 1329 1517 quod
1371 1474 1636 1508 infortunato

170 1533 350 1567 Ricardo
384 1534 567 1568 secundo
601 1534 644 1567 in
678 1533 914 1578 primordiis
947 1534 1065 1576 regni
1099 1533 1175 1573 sui,
1208 1534 1258 1567 vt
1292 1532 1482 1573 audistis,
1516 1533 1638 1576 quasi

169 1602 220 1625 ex
248 1592 314 1626 dei
352 1593 486 1636 virga
526 1592 773 1627 notabiliter
814 1593 857 1626 in
899 1592 1056 1635 Anglia
1099 1591 1383 1634 contingebat.
1433 1591 1488 1626 Et
1527 1601 1637 1626 nunc

169 1651 357 1693 vlterius,
399 1652 496 1695 quia
545 1652 635 1695 ipse
678 1661 766 1686 non
814 1650 910 1685 inde
956 1660 1180 1691 remorsus,
1226 1651 1351 1684 immo
1399 1650 1537 1693 magis
1584 1650 1638 1684 ad

169 1710 333 1744 modum
385 1711 546 1745 tiranni
586 1710 821 1750 induratus,
863 1719 1038 1752 regnum
1078 1719 1196 1743 suum
1243 1709 1425 1743 assiduis
1474 1718 1638 1752 oppres·

171 1768 359 1802 sionibus
397 1769 662 1803 incessanter
695 1768 912 1811 flagellare
945 1778 1031 1802 non
1065 1767 1245 1809 desistit,
1279 1767 1418 1802 diuine
1451 1767 1639 1801 vindicte

170 1827 378 1869 flagellum
422 1836 556 1870 vsque
598 1827 642 1860 in
683 1837 758 1861 sue
798 1826 1079 1870 deposicionis
1125 1825 1415 1860 exterminium
1455 1835 1542 1859 non
1583 1826 1638 1859 in·

170 1885 320 1919 merito
368 1887 588 1919 assecutus
642 1886 718 1919 est.
770 1884 876 1918 Tres
924 1893 1104 1927 namque
1152 1885 1253 1918 tunc
1303 1883 1423 1927 regni
1473 1883 1637 1917 nobiles

173 1953 297 1986 super
337 1932 416 1977 hoc
451 1943 678 1987 specialius
711 1943 826 1984 moti,
861 1942 1023 1977 scilicet
1057 1942 1241 1976 Thomas
1274 1941 1366 1975 Dux
1404 1942 1637 1984 Glouernie,

173 2001 242 2044 qui
283 2001 519 2044 vulgariter
556 2001 694 2036 dictus
736 2003 803 2036 est
850 2000 1017 2044 Cignus,
1058 2000 1266 2035 Ricardus
1312 1999 1461 2035 Comes
1507 2001 1639 2034 Arun-

173 2059 306 2100 dellie,
354 2060 422 2103 qui
470 2059 620 2094 dicitur
668 2060 793 2103 Equs,
842 2059 1029 2094 Thomas
1079 2058 1229 2093 Comes
1275 2059 1326 2093 de
1371 2059 1639 2103 Warrewyk‚

174 2118 293 2152 cuius
322 2128 474 2153 nomen
503 2118 650 2160 Vrsus,
679 2118 738 2153 hii
762 2128 865 2153 vero
897 2118 1117 2153 vnanirnes
1146 2127 1237 2152 cum
1271 2117 1514 2161 quibusdam
1543 2118 1640 2152 aliis

175 2177 416 2221 proceribus
468 2177 548 2212 sibi
602 2178 911 2219 adherentibus,
960 2179 1010 2212 vt
1061 2177 1177 2220 regie
1229 2177 1396 2211 malicie
1448 2176 1639 2210 fautores

176 2236 375 2276 delerent,
407 2235 461 2270 ad
486 2236 551 2270 dei
582 2236 747 2271 laudem
778 2237 978 2279 regnique
1007 2235 1266 2270 commodum
1301 2235 1345 2269 in
1379 2244 1506 2269 manu
1538 2235 1639 2269 forti

175 2295 286 2328 iusto
318 2294 458 2328 animo
482 2294 663 2329 viriliter
688 2294 1018 2336 insurrexerunt,
1044 2295 1168 2338 prout
1193 2294 1237 2327 in
1261 2293 1341 2328 hac
1367 2292 1640 2336 consequenti

175 2352 356 2394 cronica,
401 2362 479 2396 que
519 2353 729 2398 tripertita
773 2354 852 2394 est,
893 2352 1077 2397 scriptor
1117 2352 1383 2387 manifestius
1424 2351 1640 2386 declarare

173 2410 364 2446 intendit.

222 2501 306 2539 1469
320 2500 344 2531 f.
374 2500 452 2530 Text
467 2500 623 2532 SCEHG
642 2501 690 2540 (in
708 2500 773 2532 ista
791 2500 834 2542 E)
882 2511 944 2540 per
959 2500 1086 2540 scripta
1103 2500 1240 2531 cauebis
1257 2500 1334 2539 Que
1350 2499 1437 2531 mala
1453 2504 1544 2541 sunt,
1560 2499 1639 2531 ideo

176 2557 210 2583 te
235 2552 330 2582 dabis
354 2557 454 2590 atque
478 2553 544 2582 deo
570 2553 713 2583 DLTHa
759 2553 966 2594 (perscripta
992 2553 1037 2594 D)
1220 2552 1367 2591 1479—81
1395 2551 1537 2582 DLTH2
1559 2552 1641 2583 lzave

177 2608 238 2634 two
255 2603 334 2633 lines
349 2603 432 2642 only,
452 2614 491 2634 as
496 2604 629 2642 follows
644 2615 695 2634 :—-
1565 2595 1567 2598 Ι

439 2654 604 2686 Omnibus
628 2656 701 2694 ipse
726 2660 839 2686 tamen
865 2656 962 2696 peior
985 2665 1069 2693 sum,
1097 2655 1159 2686 sed
1182 2654 1379 2686 releuamen

440 2707 508 2737 Det
532 2707 632 2737 michi
657 2718 718 2746 per
741 2709 862 2739 flamen
888 2708 1045 2738 conditor
1067 2707 1169 2738 orbis.
1216 2707 1338 2739 Arnen.
1537 2707 1640 2745 1480*

223 2757 400 2795 ΕΧΡΙΑΕΙΤ,
414 2760 475 2789 &c.
523 2758 671 2798 Explicit
688 2759 821 2791 libellus
833 2760 889 2800 qui
907 2760 1099 2790 intitulatur
1111 2758 1187 2789 Vox
1200 2758 1387 2790 Clamantis
1404 2758 1575 2800 (omitting
1591 2759 1642 2789 tlze

178 2810 254 2850 rest)
273 2810 416 2840 EDTHz
463 2810 611 2849 Explicit
627 2810 711 2841 liber
727 2811 914 2842 intitulatus
930 2811 1007 2841 Vox
1024 2811 1201 2841 clamantis
1219 2811 1387 2852 (omitting
1401 2811 1452 2841 tlze
1467 2811 1542 2852 rest)
1562 2811 1588 2841 L

222 2872 241 2900 4
267 2863 361 2900 virga
379 2861 433 2892 dei
450 2861 548 2892 CHG
684 2872 721 2892 12
744 2862 916 2904 Warwyk
933 2863 998 2894 CH

1660 1958 1700 1979 10
