2095 3173
737 215 925 256 LIBER
968 217 1208 259 PRIMUS
1656 236 1705 273 73

282 337 360 372 Hic
403 338 524 383 fingit
564 339 790 375 secundum
824 340 1034 375 visionem
1069 342 1249 385 sompnii
1289 341 1339 377 de
1380 343 1560 386 quadam
1599 355 1705 380 voce

233 396 378 431 diuina
396 398 439 431 in
458 398 636 433 excelsis
655 398 879 439 clamante,
897 401 939 433 et
958 400 1162 443 quomodo
1189 400 1291 435 deus
1315 401 1510 444 placatus
1535 403 1704 437 tandem

233 455 422 497 precibus
440 457 719 500 tempestates
736 458 912 498 sedauit,
930 459 973 492 et
989 458 1195 501 quomodo
1214 459 1336 502 quasi
1353 460 1396 493 in
1413 460 1705 495 holocaustum

233 523 307 556 pro
325 514 478 549 delicto
497 515 660 549 occisus
678 516 757 550 fuit
774 517 843 551 ille
869 516 1085 558 Graculus,
1104 518 1142 551 id
1160 520 1226 553 est
1252 518 1480 560 Walterus,
1502 519 1703 553 furiarum

233 570 500 616 capitaneus.

56 652 192 713 *Capssh
216 653 289 691 xix.

397 653 558 692 Clamor
586 654 625 691 in
656 654 829 702 excelsis,
863 655 1022 694 lacrime
1050 657 1300 707 gemitusque
1329 658 1565 708 frequentes,

341 718 433 756 Non
462 719 620 756 veniam
649 720 749 757 cassi
779 721 987 769 preteriere
1016 721 1080 759 dei
1096 735 1105 769 ;

337 784 526 821 Attamen
555 784 640 833 ipse
669 785 785 822 maris
817 786 1027 834 Neptunus
1057 787 1124 835 qui
1154 786 1253 825 deus
1283 793 1398 835 extat,

337 848 391 885 At
421 860 529 886 mare
558 849 750 898 pacificet,
783 856 879 888 tunc
908 850 1138 889 holocausta
1168 852 1275 901 petit.

340 913 459 951 Dona
488 914 619 952 valent
648 915 831 964 precibus
861 916 1087 963 commixta,
1118 929 1187 966 per
1216 917 1290 955 hec
1319 918 1417 956 deus
1446 919 1556 956 audit

341 979 499 1025 Micius,
529 986 568 1018 et
597 980 698 1036 yotis
727 981 867 1019 annuit
897 981 980 1030 ipse
1009 994 1195 1030 precum:

339 1045 442 1083 Cum
474 1046 597 1095 magis
628 1057 719 1095 ergo
750 1046 844 1084 furit
873 1047 1015 1085 tumidi
1047 1048 1162 1085 maris
1191 1054 1306 1086 aucta
1334 1049 1516 1097 procella,

340 1110 391 1148 Et
421 1111 543 1159 magis
574 1111 613 1147 in
643 1117 812 1149 mortem
841 1112 922 1149 visa
952 1112 1096 1161 pericla
1125 1118 1271 1161 patent,

337 1176 453 1213 Vnus
482 1181 564 1213 erat
596 1176 726 1213 Maior
756 1177 1003 1224 Guillelmus,
1035 1189 1155 1226 quem
1185 1176 1390 1226 probitatis

339 1240 504 1289 Spiritus
534 1241 575 1278 in
604 1248 737 1278 mente
767 1241 896 1279 cordis
925 1241 976 1279 ad
1005 1242 1082 1279 alta
1111 1249 1271 1290 mouet3
1616 1249 1701 1280 1860

339 1306 420 1344 Iste
449 1313 590 1344 tenens
618 1306 794 1355 gladium
824 1318 904 1356 quo
933 1307 1113 1356 graculus
1143 1307 1207 1346 ille
1236 1307 1429 1357 superbus

338 1370 505 1418 Corruit,
537 1383 583 1409 ex
613 1378 651 1409 et
680 1383 728 1409 eo
758 1371 981 1420 pacificauit
1010 1384 1121 1421 opuS.

338 1436 428 1473 Vna
456 1435 610 1485 peribat
640 1436 737 1483 auis,
769 1448 849 1485 quo
879 1437 986 1474 milia
1015 1437 1123 1475 mille
1152 1437 1346 1485 reviuunt‚

338 1501 390 1539 Et
419 1501 633 1540 furibunda
662 1502 761 1540 deus
791 1501 958 1540 obstruit
988 1514 1054 1540 ora
1084 1503 1214 1540 maris.

337 1567 394 1606 Sit
424 1567 515 1605 licet
545 1568 622 1606 hoc
652 1568 774 1613 tarde,
805 1574 902 1605 tunc
931 1567 1044 1605 nauis
1074 1575 1164 1617 post
1193 1568 1321 1606 scelus
1350 1576 1482 1607 actum

338 1633 477 1671 Induit
506 1632 640 1671 infelix
669 1645 777 1670 arma
805 1639 944 1670 coacta
973 1632 1096 1671 dolor.

338 1698 533 1737 Graculus
563 1710 613 1736 en
644 1698 831 1736 moritur!
876 1698 932 1735 sic
961 1710 1042 1736 uon
1072 1698 1293 1737 moriuntur
1322 1700 1444 1746 invlti,

337 1764 450 1811 Quos
480 1763 586 1813 prius
616 1776 663 1801 ex
691 1770 816 1801 rostro
846 1763 933 1801 lesit
961 1763 1012 1800 ad
1042 1775 1150 1800 arma
1179 1776 1276 1801 suo:

336 1828 417 1876 Qui
444 1828 530 1866 ferit
560 1840 607 1866 ex
635 1828 767 1877 gladio
796 1828 909 1877 periit
937 1828 1129 1877 gladiator
1158 1828 1199 1865 in
1228 1829 1306 1876 illo,

337 1893 387 1931 Et
416 1893 539 1942 magis
572 1893 709 1930 infelix
738 1892 890 1930 imbuet
919 1898 1056 1930 auctor
1084 1905 1208 1941 opus:
1612 1901 1697 1942 1870

337 1959 384 1996 In
416 1958 544 1996 scelus
574 1958 810 1996 addendum
840 1958 968 1995 scelus
998 1963 1067 2002 est,
1098 1958 1138 1995 in
1168 1959 1305 1996 funera
1334 1959 1464 2006 funus,

335 2023 400 2061 Sic
429 2023 510 2061 luet
539 2030 696 2060 exactor
725 2022 835 2072 quod
863 2023 951 2060 tulit
979 2028 1072 2060 ante
1101 2022 1248 2060 malum
1264 2037 1273 2070 ;

336 2087 466 2137 Inque
494 2087 602 2126 leues
631 2087 728 2125 abiit
756 2087 960 2126 morientis
986 2087 1143 2137 spiritus
1172 2100 1295 2135 auras,

334 2153 373 2191 Si
403 2159 509 2202 petat
539 2152 699 2191 inferius
727 2160 838 2190 antra
868 2153 941 2191 scit
969 2153 1054 2202 ipse
1082 2153 1194 2191 deus.

332 2218 396 2256 Sic
426 2218 518 2267 quia
548 2217 735 2255 miliciam
766 2218 1023 2267 transumpsit
1051 2218 1233 2268 ymagine
1262 2219 1440 2266 monstri,

334 2283 446 2321 Irrita
475 2283 632 2332 decepti
662 2289 753 2321 vota
782 2283 934 2321 colonis
964 2290 1087 2322 erant.

333 2349 437 2388 Cum
467 2349 590 2398 magis
620 2355 678 2387 est
707 2348 899 2398 quicquid
928 2349 1059 2398 superi
1088 2349 1248 2387 voluere
1276 2355 1491 2398 peractum,

333 2414 490 2452 Desinit
518 2427 540 2452 a
569 2414 677 2452 furiis
707 2426 790 2452 sors
821 2414 1031 2452 maledicta
1060 2414 1165 2452 suis:

330 2479 511 2517 Forsitan
541 2479 605 2516 illa
634 2479 719 2517 dies
749 2479 889 2517 erroris
919 2491 1075 2517 summa
1103 2479 1251 2526 fuisset,

330 2543 370 2582 Si
399 2544 498 2582 deus
527 2544 566 2582 in
596 2544 663 2582 tali
691 2550 818 2582 morte
847 2550 1028 2593 negasset
1056 2556 1168 2593 opus.
1607 2551 1692 2582 1880

330 2607 368 2646 Ο
397 2608 517 2645 michi
547 2615 695 2658 quanta
724 2609 813 2647 tulit
841 2615 973 2646 tantus
1003 2608 1148 2646 solacia
1177 2609 1310 2656 victor,

330 2671 485 2711 Obruta
513 2673 580 2722 qui
610 2680 718 2711 tante
747 2673 860 2712 sortis
889 2674 941 2711 ad
969 2673 1047 2710 alta
1075 2673 1203 2710 leuat!

330 2736 367 2775 Ο
397 2735 609 2775 benedicta
636 2750 788 2785 manus,
819 2745 899 2776 tam
929 2737 1127 2776 sufficiens
1156 2737 1432 2775 holocaustum

268 2823 353 2862 1859
386 2822 576 2853 Willelmus
608 2823 638 2853 D
789 2824 872 2864 1870
904 2824 1033 2855 imbuet
1064 2823 1121 2855 SG
1182 2823 1302 2855 imbuit
1334 2823 1429 2855 (ΖΕΗ
1497 2824 1623 2856 incidet
1658 2825 1688 2855 D

224 2874 306 2913 1874
330 2873 471 2906 infernis
490 2874 518 2905 E
563 2874 715 2906 infernus
733 2875 763 2906 D
