2095 3173
729 238 917 279 LIBER
958 238 1198 279 PRIMUS
1643 253 1693 293 75

337 345 466 384 Cessit
496 352 534 383 et
563 345 736 383 anterior
765 357 847 383 sors
877 344 1088 383 tenebrosa
1117 345 1240 382 malis.

338 411 402 449 Sic
431 423 538 449 mare
567 411 657 448 litus
687 409 818 456 habet,
848 411 986 460 plenos
1015 411 1120 459 capit
1149 411 1286 449 alueus
1314 422 1491 460 ampnes,

338 475 510 525 Legibus
539 483 658 525 atque
687 488 793 513 noue
821 482 917 513 tunc
946 483 1108 524 patuere
1136 475 1222 513 vie:

275 573 280 578 .
338 542 412 588 Sic,
444 542 543 579 deus
571 548 612 578 vt
641 541 774 587 voluit,
807 553 899 578 cum
929 541 977 578 sit
1006 540 1253 579 moderacior
1282 541 1397 588 vnda,

338 606 488 643 Leticie
517 606 627 643 mixti
657 605 892 643 convaluere
922 611 1063 643 metus.

339 671 492 709 Omnes
521 678 616 708 tunc
646 671 820 709 Cristum
850 670 1024 718 laudant,
1056 670 1165 720 quod
1194 670 1245 708 ab
1274 682 1342 708 ore
1370 672 1542 720 procelle

339 737 432 774 Non
463 735 554 773 sinit
584 735 788 781 extinctos,
820 742 879 773 set
908 735 1101 784 reparauit
1131 747 1210 773 eos.
1610 752 1697 785 1930

337 802 454 838 Tunc
483 812 568 849 ego,
599 800 760 838 deflexis
788 800 955 849 genibus
985 807 1043 839 set
1072 800 1123 838 ad
1152 801 1285 838 ethera
1314 801 1453 850 palmis

339 867 494 913 Tensis,
527 867 583 904 sic
613 866 717 904 dixi:
750 866 918 913 ‘Gloria,
951 866 1089 914 Criste,
1120 865 1238 904 tibi!'

341 932 436 969 Hoc
466 932 609 969 iterans
637 930 767 981 gelida
796 931 1006 969 formidine
1036 931 1143 969 frena
1172 931 1327 978 resolui,

342 997 573 1046 Leticieque
604 1008 709 1034 noue
738 1008 828 1045 spes
857 997 976 1033 michi
1007 997 1153 1034 mulcet
1182 997 1265 1034 iter.

340 1063 449 1099 Dum
480 1073 587 1099 mare
617 1068 810 1110 pacatum,
842 1061 938 1099 dum
969 1067 1109 1099 ventus
1137 1061 1301 1098 amicior
1329 1068 1444 1108 esset,

341 1126 439 1176 Spes
469 1127 569 1164 redit
599 1133 636 1164 et
666 1125 796 1163 nautis
825 1126 946 1163 corda
975 1124 1138 1163 subacta
1167 1125 1285 1163 leuat.

340 1191 503 1229 Viribus
534 1203 626 1239 ergo
656 1190 736 1227 suis
766 1190 935 1239 pauidus
965 1189 1039 1227 sibi
1069 1196 1189 1227 nauta
1218 1191 1430 1240 resumptis

341 1257 522 1306 Nauigat‚
552 1262 594 1294 vt
621 1262 779 1305 portum
809 1255 916 1304 pacis
945 1255 1053 1293 adire
1082 1262 1212 1304 queat.

341 1322 515 1361 Carbasa
544 1328 653 1359 mota
683 1328 836 1364 sonant,
868 1319 977 1358 iubet
1006 1321 1071 1359 vti
1101 1321 1235 1359 nauita
1263 1321 1401 1368 ventis,

343 1386 506 1437 Subque
535 1399 640 1425 noue
670 1387 783 1425 sortis
812 1398 882 1436 spe
911 1399 1017 1424 noua
1046 1387 1132 1424 vela
1161 1387 1257 1425 dari.
1617 1403 1703 1434 1940

284 1528 362 1562 Hic
379 1527 561 1571 loquitur
584 1526 718 1561 adhuc
743 1527 793 1560 de
816 1527 917 1561 naui
934 1527 1031 1561 visa
1054 1527 1096 1561 in
1121 1526 1322 1571 sompnis,
1340 1526 1380 1560 id
1404 1528 1470 1562 est
1494 1526 1543 1561 de
1565 1529 1704 1562 mente

237 1596 317 1620 sua
340 1586 471 1620 adhuc
490 1587 672 1626 turbata,
690 1587 741 1620 vt
759 1586 795 1620 si
813 1586 902 1629 ipse
923 1586 1167 1620 mentaliter
1185 1585 1475 1628 sompniando‚
1493 1585 1614 1629 quasi
1631 1595 1704 1628 per

237 1654 391 1679 nauem
409 1645 543 1679 variis
561 1645 704 1679 ventis
728 1644 819 1678 sine
845 1644 1124 1687 gubernaculo
1148 1643 1369 1687 agitatam,
1389 1654 1536 1678 omnes
1560 1646 1704 1687 partes

236 1703 378 1737 mundi
400 1713 477 1747 pro
505 1713 609 1746 pace
631 1702 785 1738 mentis
808 1702 1037 1737 scrutanda
1059 1701 1380 1745 investigasset,
1406 1704 1448 1737 et
1467 1702 1637 1749 tandem
1660 1702 1704 1736 in

236 1763 381 1804 partes
398 1761 619 1796 Britannie
642 1761 832 1800 maioris,
849 1761 921 1794 vbi
945 1770 1043 1795 raro
1061 1770 1147 1804 pax
1164 1762 1240 1800 est,
1259 1760 1359 1795 dicit
1377 1771 1423 1795 se
1441 1761 1700 1804 applicuisse.

237 1819 346 1854 Dicit
377 1820 508 1853 eciam
537 1819 715 1862 qualiter
745 1829 832 1854 vox
861 1819 904 1853 in
934 1819 1121 1862 sompnis
1151 1818 1233 1853 sibi
1266 1818 1447 1852 iniunxit
1477 1818 1587 1861 quod
1616 1819 1705 1861 ipse

238 1877 409 1912 omnino
434 1877 638 1912 scriberet
661 1887 713 1911 ea
736 1887 815 1920 que
838 1877 888 1911 de
910 1876 1065 1910 mundo
1091 1876 1134 1910 in
1152 1875 1223 1909 illo
1244 1876 1447 1911 scrutinio
1465 1876 1644 1910 vidisset
1662 1877 1705 1910 et

239 1936 449 1976 audisset3
477 1937 519 1970 et
538 1936 599 1969 ita
616 1935 866 1970 terminatur
883 1935 1128 1978 sompnium.

118 2010 249 2057 Capffl.
272 2020 328 2044 xx.
406 2004 558 2044 Clausit
586 2005 718 2043 adhuc
747 2005 884 2042 oculos
914 2016 1116 2054 sompnus,
1148 2016 1228 2054 quo
1257 2003 1439 2052 sompnia
1468 2015 1613 2041 nauem

348 2072 511 2119 Semper
540 2070 791 2119 pretendunt,
823 2082 901 2119 que
930 2070 1020 2108 loco
1049 2076 1133 2107 tuta
1162 2069 1270 2118 petit,

348 2137 434 2174 Nec
464 2136 580 2173 timor
608 2135 793 2185 ambigue
822 2142 975 2185 poterat
1003 2135 1082 2173 cito
1112 2135 1253 2172 cedere
1282 2134 1418 2181 menti,

349 2201 480 2249 Quam
511 2201 617 2249 prius
646 2200 697 2238 ad
726 2207 883 2249 portum
913 2200 1022 2237 salua
1051 2199 1183 2237 venire
1212 2206 1343 2248 queat.

348 2266 550 2304 Deficiunt
578 2266 676 2303 remi
705 2266 782 2303 iam
812 2266 938 2304 ventis
968 2265 1144 2314 vndique
1172 2265 1294 2311 fracti,

348 2332 409 2369 Ac
438 2331 503 2369 vbi
533 2343 615 2369 sors
645 2331 755 2369 duxit
784 2331 896 2369 nauis
925 2329 1097 2368 habebat
1127 2330 1220 2369 iter:

351 2396 500 2434 Littora
528 2396 694 2445 pacifica
722 2402 899 2433 scrutans
928 2394 1148 2445 temptabat
1177 2395 1217 2431 in
1247 2405 1409 2431 omnem

349 2463 516 2509 Partem,
548 2474 622 2500 nec
650 2468 802 2511 poterat
831 2462 939 2511 pacis
969 2461 1114 2498 habere
1143 2460 1274 2497 locum
1291 2473 1301 2506 3

349 2526 488 2564 Turbo
518 2534 575 2565 set
604 2527 785 2577 equoreis
814 2527 918 2565 hanc
946 2527 1118 2572 tandem,
1150 2525 1359 2574 prodolor!
1399 2524 1513 2562 vndis

352 2591 512 2640 Expulit
541 2592 580 2628 in
610 2599 766 2641 portum
796 2604 876 2641 quo
905 2592 996 2629 furit
1025 2602 1144 2628 omne
1173 2590 1332 2627 malum.
1622 2603 1707 2635 1950

352 2657 415 2695 Sic
445 2657 586 2696 Cillam
617 2657 769 2707 fugiens
798 2657 930 2695 minus
960 2664 1018 2694 est
1048 2668 1121 2694 nec
1149 2656 1230 2693 lesa
1258 2655 1423 2705 periclis,

352 2723 461 2759 Dum
492 2722 592 2760 Cilla
620 2722 774 2772 grauior
805 2722 940 2761 Insula
968 2721 1072 2770 cepit
1101 2733 1202 2759 eam.

287 2795 433 2826 Between
454 2780 537 2833 19'39
555 2793 628 2824 and
643 2803 726 2833 1940
750 2794 780 2825 D
801 2790 918 2825 insci‘ts
942 2793 1089 2833 Nauigat
1110 2797 1145 2823 vt
1168 2795 1302 2831 portum
1319 2795 1421 2831 queat
1437 2790 1563 2821 habere
1579 2790 1706 2821 bonum

245 2853 370 2887 (marg.
389 2846 512 2876 Deficit
526 2856 641 2876 versus
655 2846 689 2876 in
706 2846 833 2887 copia).

286 2899 368 2939 Cap.
389 2909 444 2929 xx.
462 2897 620 2938 Heading
637 2908 651 2928 1
672 2897 760 2929 idest
777 2898 811 2929 H
858 2902 887 2930 et
903 2898 933 2928 D
1065 2907 1082 2936 7
1100 2895 1273 2928 scrutineo
1290 2895 1347 2926 CE
