2095 3173
688 227 876 267 LIBER
917 224 1219 275 QUARTUS
1611 227 1687 278 185

328 335 421 372 Non
451 334 542 371 licet
572 345 664 382 ergo
693 332 782 370 viris
813 331 1028 370 monachas
1058 331 1203 369 violare
1233 337 1410 379 sacratas,

325 400 469 437 Velum
500 411 672 447 namque
702 410 855 435 sacrum
886 398 995 446 signa
1024 396 1169 445 pudica
1197 395 1306 444 gerit.

327 465 501 502 Alterius
531 476 717 513 sponsam
749 475 980 512 presumens
1010 462 1223 508 deuiolare‚

328 530 461 578 Quam
490 541 608 578 graue
638 528 792 566 iudiciis
822 534 1017 576 perpetrat
1047 527 1130 576 ipse
1160 530 1311 566 scelus!

327 595 457 634 Crede
485 602 618 631 tamen
648 593 803 642 grauius
834 599 983 641 peccat,
1017 593 1084 641 qui
1114 592 1282 631 claustra
1311 592 1514 631 resoluens

327 659 521 697 Presumit
551 670 737 707 sponsam
768 657 969 695 deuiolare
999 657 1074 695 dei.

262 803 490 846 Postquam
515 801 719 837 tractauit
746 801 794 836 de
822 801 908 835 illis
938 800 1007 845 qui
1035 800 1078 834 in
1105 800 1308 844 religione
1335 800 1600 844 possessoria
1626 800 1690 833 sui

219 861 378 896 ordinis
404 860 710 905 professionem
737 860 966 901 offendunt,
997 859 1213 894 dicendum
1240 860 1305 893 est
1331 858 1416 892 iam
1440 859 1490 893 de
1513 857 1597 892 hiis
1623 858 1691 900 qui

217 921 361 955 errant
378 920 423 954 in
441 919 586 954 ordine
609 919 789 953 fratrum
814 917 1144 953 mendicancium
1157 928 1167 957 3
1192 919 1234 952 et
1260 916 1393 960 primo
1417 916 1526 951 dicet
1542 916 1592 950 de
1607 916 1693 950 illis

219 978 286 1022 qui
320 979 396 1013 sub
429 978 525 1013 ficte
558 978 823 1022 paupertatis
857 977 1007 1011 vmbra
1036 978 1205 1010 terrena
1238 976 1354 1010 lucra
1385 975 1692 1018 conspirantes,

219 1037 340 1081 quasi
357 1037 492 1072 tocius
510 1037 652 1071 mundi
671 1036 898 1071 dominium
918 1035 1207 1078 subiugarunt.

41 1138 43 1155 i
71 1120 199 1169 Capm.
223 1119 296 1156 xvi.
384 1119 492 1156 Dum
524 1118 595 1155 fuit
626 1118 665 1155 in
696 1117 819 1164 terris,
851 1129 932 1154 non
963 1128 1103 1154 omnes
1132 1127 1232 1164 quos
1263 1114 1337 1152 sibi
1367 1114 1458 1163 legit

329 1184 493 1230 Cristus‚
528 1190 637 1221 erant
667 1183 747 1229 fidi,
780 1183 865 1231 lege
895 1187 1069 1219 nouante
1099 1180 1187 1217 dei:

330 1250 424 1287 Non
454 1255 589 1286 tamen
620 1254 680 1285 est
710 1259 843 1296 equm,
875 1246 984 1294 quod
1015 1246 1164 1282 crimen
1195 1244 1476 1293 preuaricantis

329 1314 456 1352 Ledat
485 1326 552 1351 eos
582 1319 729 1351 rectam
760 1312 825 1361 qui
857 1311 1014 1348 coluere
1044 1310 1175 1347 fidem.
1626 1313 1692 1345 680

328 1380 392 1417 Sic
422 1379 560 1417 sterilis
590 1379 700 1416 locus
729 1384 787 1415 est
818 1377 959 1421 nullus,
991 1375 1100 1425 quod
1130 1387 1211 1413 non
1243 1375 1291 1412 sit
1321 1374 1360 1411 in
1391 1374 1458 1412 illo

330 1444 456 1482 Mixta
486 1443 702 1493 reprobatis
732 1442 833 1480 vtilis
863 1441 985 1479 herba
1015 1440 1127 1477 malis
1143 1453 1153 1487 3

329 1510 416 1547 Nec
446 1509 640 1546 secundus
670 1508 723 1545 ita
754 1508 864 1545 locus
895 1514 965 1553 est,
998 1518 1079 1555 quo
1109 1517 1190 1543 non
1221 1503 1431 1554 reprobata

331 1575 457 1612 Mixta
487 1574 536 1612 sit
564 1573 723 1612 vtilibus
754 1573 875 1611 herba
905 1572 1049 1610 nociua
1078 1570 1217 1609 bonis:

329 1641 431 1677 Tam
461 1651 592 1688 neque
622 1639 813 1676 iustorum
844 1644 919 1676 stat
948 1637 1089 1675 concio
1119 1637 1196 1674 lata
1225 1635 1408 1682 virorum,

330 1705 402 1743 Est
431 1704 575 1754 quibus
605 1704 739 1741 iniusti
769 1703 905 1741 mixtio
935 1703 1042 1740 nulla
1071 1702 1151 1739 viri.

332 1770 396 1808 Sic
426 1769 685 1814 excusandos,
716 1781 816 1817 quos
847 1775 1005 1805 sanctos
1036 1764 1228 1815 approbat
1258 1764 1367 1812 ordo,

333 1837 485 1873 Fratres
515 1834 711 1872 consimili
742 1834 824 1871 iure
853 1834 995 1870 fatetur
1025 1845 1150 1881 opus:

332 1901 426 1938 Non
455 1900 546 1937 volo
575 1911 646 1948 pro
676 1899 810 1948 paucis
841 1897 1062 1936 diffundere
1092 1896 1241 1933 crimen
1272 1895 1312 1931 in
1342 1907 1495 1941 omnes,

332 1966 539 2014 Spectetur
569 1964 717 2002 meritis
748 1962 914 2012 quilibet
944 1963 1068 1999 immo
1097 1961 1205 2007 suis3
1632 1965 1697 2007 690

334 2032 448 2079 Quos
477 2036 610 2067 tamen
641 2041 745 2067 error
774 2029 863 2077 agit,
896 2028 1059 2065 veniens
1089 2039 1163 2075 ego
1193 2025 1361 2062 nuncius
1392 2025 1477 2071 illis,

333 2097 424 2145 Que
453 2095 573 2132 michi
602 2107 677 2133 vox
706 2094 843 2132 tribuit
872 2092 991 2131 verba
1020 2091 1222 2141 loquenda
1251 2091 1344 2128 fero.

334 2162 442 2200 Sicut
471 2167 604 2210 pastor
633 2172 739 2207 oues,
773 2159 828 2197 sic
857 2164 1033 2207 segregat
1062 2157 1169 2194 istud
1198 2155 1248 2193 ab
1279 2155 1363 2194 edis

335 2227 448 2275 Quos
478 2238 577 2275 opus
606 2238 628 2263 a
657 2224 834 2274 reprobis
864 2224 1028 2261 senserit
1058 2222 1156 2260 ordo
1186 2221 1356 2271 probos:

336 2294 426 2340 Que
455 2291 578 2340 magis
608 2291 723 2328 huius
754 2290 874 2327 habet
903 2289 1010 2326 vocis
1042 2287 1243 2325 sentencia
1274 2285 1443 2324 scribam

335 2357 426 2394 Hiis
456 2369 556 2406 quos
585 2363 845 2404 transgressos
874 2355 961 2403 plus
993 2360 1103 2391 notat
1132 2353 1230 2391 ordo
1262 2364 1358 2390 reos.

335 2422 513 2461 Crimina
542 2433 620 2470 que
650 2421 771 2458 Iudas
800 2420 999 2458 commisit
1029 2430 1177 2468 ponere
1208 2419 1325 2455 Petro

334 2487 450 2531 Nolo,
483 2487 578 2524 ferat
608 2486 809 2535 proprium
839 2485 997 2534 pondus
1027 2490 1191 2532 vterque
1221 2494 1349 2519 suum.

336 2551 497 2590 Ordinis
527 2551 654 2588 officia
683 2552 806 2588 fateor
835 2550 950 2599 primi
979 2549 1062 2586 fore
1092 2554 1241 2594 sancta,

338 2617 433 2654 Eius
463 2622 501 2653 et
530 2623 709 2653 auctores
739 2615 917 2664 primitus
947 2626 1033 2652 esse
1062 2614 1177 2661 pios;
1635 2625 1698 2657 700

340 2683 430 2719 Hos
460 2681 526 2730 qui
559 2681 813 2730 consequitur
842 2680 957 2717 frater
986 2685 1120 2715 manet
1151 2677 1215 2714 ille
1245 2675 1397 2722 beatus,

338 2746 418 2794 Qui
449 2745 643 2783 mundum
673 2757 842 2783 renuens
873 2744 1000 2794 querit
1030 2741 1175 2780 habere
1205 2741 1336 2787 deum,

339 2812 420 2860 Qui
450 2810 524 2849 sibi
553 2810 780 2859 pauperiem
810 2810 1024 2848 claustralis
1054 2807 1227 2855 adoptat,
1259 2813 1297 2843 et
1327 2806 1427 2843 vitro

342 2879 461 2915 Hanc
490 2875 597 2926 gerit,
630 2881 668 2914 et
697 2876 855 2925 paciens
886 2874 1034 2914 ordinis
1063 2879 1149 2910 acta
1179 2870 1307 2910 subit:
