2095 3173
436 233 512 260 100

906 219 1036 262 VOX
1077 220 1329 262 CLAMAN
1338 220 1439 261 TIS

541 327 622 364 Dat
650 338 799 373 sensus,
830 332 946 376 auget
975 325 1086 372 vires,
1117 325 1299 374 tollitque
1327 325 1510 362 timorem

539 392 692 439 Mortis,
724 399 763 430 et
791 391 843 429 ad
872 396 1038 428 martem
1068 389 1188 428 corda
1216 396 1351 438 parata
1379 389 1485 428 facit.

541 457 590 495 In
620 468 736 494 cruce
764 455 922 494 libertas
952 454 1063 501 redit,
1095 461 1133 493 et
1161 453 1260 503 perit
1290 454 1355 492 illa
1383 460 1570 503 potestas,

540 522 673 560 Hoste
701 520 954 570 triumphato,
985 532 1063 569 que
1091 519 1202 557 dedit
1230 526 1323 557 ante
1352 519 1482 558 mori:

541 587 590 624 In
619 598 735 624 cruce
764 585 910 635 religio,
941 585 1036 623 ritus
1064 584 1275 634 cultusque
1303 591 1470 623 venuste

540 651 680 690 Gentis
709 650 955 689 concludunt
983 650 1118 689 omnia
1147 662 1255 688 sacra
1285 650 1425 689 simul:

539 717 588 755 In
619 728 735 754 cruce
763 722 875 765 porta
904 722 1011 765 patet
1039 715 1220 765 paradisi,
1252 715 1458 755 flammeus
1488 716 1594 755 ensis

539 781 685 821 Custos
715 781 853 819 secreti
883 781 999 819 desiit
1028 792 1115 818 esse
1143 781 1245 819 loci:

539 847 647 885 Ecce
675 847 785 885 vides
815 846 972 896 quantis
1001 846 1217 895 prefulgeat
1247 846 1311 883 illa
1340 846 1486 895 figuris,

538 912 687 961 Pagina
716 924 837 961 quam
866 912 1001 961 pulcre
1029 911 1206 960 predicet
1235 912 1365 949 omnis
1394 923 1493 949 eam.
1840 927 1903 961 570

536 978 641 1015 Mira
670 977 833 1027 quidem
862 977 989 1014 crucis
1018 982 1078 1014 est
1105 977 1238 1023 virtus,
1270 989 1348 1026 qua
1376 983 1522 1015 tractus
1551 975 1602 1015 ab
1631 977 1713 1016 alto

535 1043 689 1081 Vnicus
718 1049 777 1081 est
806 1041 937 1092 patris,
965 1048 1006 1080 vt
1034 1048 1232 1091 pateretur
1261 1042 1398 1080 homo.

536 1108 588 1150 Vi
617 1108 743 1146 crucis
773 1107 971 1145 infernum
1001 1107 1152 1146 Cristus
1182 1107 1376 1156 spoliauit,
1408 1113 1447 1146 et
1476 1107 1595 1154 illam,

537 1173 696 1211 Perdita
725 1185 803 1222 que
831 1172 967 1219 fuerat,
998 1172 1093 1211 inde
1121 1172 1270 1211 reuexit
1299 1184 1441 1211 ouem:

537 1239 588 1275 Vi
618 1238 744 1277 crucis
774 1238 814 1275 in
843 1238 974 1276 celum
1003 1237 1247 1284 conscendit,
1280 1243 1319 1276 et
1347 1245 1450 1276 astra
1479 1237 1631 1288 paterni

537 1304 719 1341 Luminis
748 1303 972 1353 ingrediens
1001 1303 1053 1341 ad
1082 1315 1152 1341 sua
1180 1315 1300 1352 regna
1329 1303 1455 1341 redit:

538 1369 767 1407 Glorificata
795 1381 898 1414 caro,
931 1380 1009 1417 que
1038 1368 1193 1405 sustulit
1222 1368 1263 1404 in
1291 1379 1409 1406 cruce
1437 1380 1574 1418 penas,

537 1434 716 1472 Presidet
745 1434 785 1471 in
815 1434 902 1471 celo
932 1433 1027 1471 sede
1055 1433 1184 1471 locata
1215 1433 1292 1471 dei.

537 1499 602 1536 Sic
630 1499 773 1537 virtute
801 1499 865 1548 pie
894 1498 1020 1535 crucis
1051 1504 1089 1535 et
1117 1498 1273 1536 celestis
1302 1497 1448 1536 amoris

538 1564 667 1614 Surgit
697 1564 738 1602 in
767 1563 933 1602 ecclesia
961 1563 1091 1613 gracia
1120 1563 1205 1612 lege
1235 1574 1353 1601 noua.
1838 1571 1903 1613 580

471 1729 550 1765 Hic
596 1731 698 1765 dicit
747 1730 867 1774 quod,
916 1740 1051 1774 exquo
1093 1730 1209 1764 solus
1247 1729 1349 1764 deus
1387 1730 1529 1764 omnia
1565 1731 1743 1772 creauit,
1782 1732 1900 1767 solus

426 1790 491 1823 est
526 1799 552 1823 a
589 1789 795 1824 creaturis
832 1789 1085 1830 adorandus,
1112 1790 1155 1823 et
1190 1788 1256 1822 est
1291 1788 1424 1822 eciam
1448 1798 1603 1832 magne
1636 1789 1825 1825 racionis
1851 1793 1900 1826 vt

423 1847 514 1890 ipse
565 1847 709 1882 omnia
760 1847 965 1891 gubernet
1019 1849 1062 1881 et
1113 1846 1340 1880 secundum
1398 1847 1548 1882 merita
1600 1848 1643 1882 et
1694 1847 1897 1885 demerita

424 1905 637 1940 hominum
661 1906 705 1940 in
731 1916 809 1940 sua
834 1906 1060 1940 voluntate
1088 1905 1205 1940 solus
1230 1904 1395 1940 iudicet.

310 1987 438 2035 Capm.
462 1986 509 2025 xi.

595 1987 760 2036 Semper
787 1987 829 2026 id
857 1993 917 2025 est
946 1986 1055 2036 quod
1085 1992 1165 2024 erat
1194 1992 1235 2024 et
1265 1985 1347 2032 erit,
1379 1985 1503 2023 trinus
1533 1986 1631 2024 deus
1661 1999 1790 2036 vnus3

534 2053 621 2091 Nec
650 2052 725 2090 sibi
754 2052 1003 2102 principium,
1035 2063 1110 2089 nec
1139 2051 1214 2089 sibi
1244 2051 1333 2089 finis
1362 2051 1502 2090 adest:

533 2117 776 2166 Principium
805 2123 939 2155 tamen
967 2123 1006 2157 et
1036 2116 1157 2153 finem
1187 2116 1297 2154 dedit
1327 2115 1513 2153 omnibus
1543 2127 1642 2163 esse,

532 2182 680 2221 Omnia
708 2194 778 2230 per
806 2193 926 2230 quem
956 2187 1057 2227 sunt,
1090 2186 1128 2218 et
1158 2180 1243 2218 sine
1273 2192 1353 2229 quo
1383 2180 1506 2217 nichil
1535 2187 1605 2218 est.

534 2248 625 2296 Que
653 2247 736 2285 vult
765 2247 829 2284 illa
857 2252 988 2296 potest
1017 2252 1057 2283 vt
1086 2245 1283 2283 sufficiens
1313 2245 1353 2282 in
1383 2245 1556 2294 idipsum
1571 2259 1582 2293 3

535 2312 669 2360 Iussit,
699 2318 737 2350 et
766 2311 870 2349 illico
900 2316 991 2348 sunt
1021 2322 1098 2360 que
1128 2309 1237 2348 iubet
1268 2310 1351 2359 ipse
1381 2310 1486 2349 fore:

535 2377 660 2417 Cuius
689 2377 741 2415 ad
770 2376 978 2425 imperium
1007 2375 1245 2413 famulantur
1274 2381 1417 2412 cuncta
1446 2381 1587 2422 creata,

535 2443 660 2481 Hunc
689 2442 792 2488 volo,
823 2441 944 2479 credo
972 2452 1107 2478 meum
1137 2440 1275 2478 celitus
1305 2451 1391 2477 esse
1411 2439 1544 2477 deum.

536 2509 645 2545 Dum
675 2507 724 2545 sit
752 2513 886 2555 aperta
915 2505 980 2544 dei
1009 2517 1149 2542 manus
1179 2505 1312 2542 omnia
1341 2504 1464 2553 replet
1493 2503 1695 2552 habunde,

535 2574 833 2622 Auertenteque
862 2583 917 2619 se,
945 2571 1106 2609 vertitur
1134 2581 1254 2608 omne
1283 2576 1396 2607 retro.
1831 2586 1896 2619 590

536 2637 698 2686 Singula
727 2636 874 2675 iudicio
903 2635 1059 2685 sapiens
1089 2634 1144 2672 sic
1174 2634 1316 2672 diuidit
1346 2645 1462 2683 equo,

537 2702 687 2740 Fallere
717 2714 785 2739 seu
814 2701 893 2738 falli
923 2700 1032 2749 quod
1061 2700 1198 2749 nequit
1228 2699 1311 2748 ipse
1341 2699 1450 2737 deus.

536 2767 618 2805 Res
648 2773 706 2805 est
736 2778 837 2816 equa
866 2765 993 2813 nimis,
1025 2765 1122 2803 deus
1152 2776 1281 2813 exquo
1310 2771 1453 2802 cuncta
1481 2764 1638 2812 creauit,

961 2874 1022 2913 561
1038 2872 1060 2905 f.
1085 2876 1146 2904 two
1162 2871 1243 2904 lines
1262 2882 1327 2906 om.
1344 2871 1373 2904 T
