2095 3173
669 233 857 274 LIBER
897 233 1199 283 QUARTUS
1592 246 1668 285 193

311 342 478 379 Pectora
507 341 563 379 sic
591 341 776 391 gaudent,
809 352 883 378 nec
913 347 1004 379 sunt
1032 341 1163 379 attrita
1191 341 1340 387 dolore,

311 406 496 444 Anterior
524 406 611 444 celo
640 406 737 444 dum
767 413 968 455 reputatur
996 406 1167 445 humus:

310 471 453 510 Cordis
483 471 523 508 in
551 471 738 509 affectum
767 471 824 509 sic
853 471 990 509 transit
1019 472 1145 519 frater,
1177 478 1215 509 et
1244 472 1354 509 illum

311 537 444 584 Quem
474 536 602 585 querit
631 549 788 574 cursum
818 537 991 585 complet
1021 536 1060 574 in
1090 536 1186 575 orbe
1216 549 1342 575 suum.
1605 548 1671 582 970

312 602 389 640 Dic
418 601 515 650 quid
545 601 706 639 honoris
736 601 867 648 habet,
899 602 930 639 si
961 602 1063 639 filius
1095 602 1281 640 Hectoris
1310 614 1419 640 arma

313 666 469 705 Deserit
499 672 537 704 et
566 678 702 704 vecors
731 667 907 715 predicat
936 674 1023 704 acta
1052 668 1203 716 patris?

310 732 392 769 Aut
421 731 518 780 quid
548 737 587 769 et
617 732 700 781 ipse
729 732 842 779 valet,
875 732 906 770 si
935 733 1052 770 frater
1080 733 1272 781 Apostata
1302 738 1482 770 sanctum

313 797 469 836 Clamat
499 797 766 844 Franciscum,
799 810 920 846 quem
950 804 1068 847 negat
1096 798 1180 847 ipse
1210 798 1350 847 sequi?

312 862 432 900 Fictis
463 868 521 899 set
551 862 680 900 verbis
711 863 850 900 mundi
880 862 965 900 sine
994 863 1144 901 lumine
1174 875 1334 901 sensum

312 926 546 974 Obfuscant‚
579 940 657 977 que
686 940 757 965 sua
786 928 841 965 sic
870 928 1081 966 maledicta
1109 935 1269 978 tegunt:

314 993 380 1031 Sic
408 992 475 1030 vbi
505 1006 587 1031 non
617 993 727 1039 ordo,
759 999 894 1031 manet
924 1005 1029 1031 error
1058 994 1097 1030 in
1127 994 1277 1031 ordinis
1306 992 1455 1040 vmbra,

317 1059 369 1096 Et
398 1058 511 1107 quasi
541 1059 713 1096 laruatus
743 1065 819 1096 stat
849 1071 957 1096 sacer
986 1059 1084 1096 ordo
1114 1071 1253 1097 nouus.

315 1123 406 1161 Hiis
436 1124 504 1173 qui
534 1124 731 1161 Francisci
761 1130 919 1162 seruant
948 1131 1080 1162 tamen
1110 1124 1250 1162 ordine
1279 1124 1381 1162 iusto

316 1187 462 1226 Debita
491 1189 689 1236 mandata,
722 1187 880 1227 debitus
910 1196 1014 1227 extat
1043 1189 1183 1227 honor.
1610 1196 1677 1236 980

254 1320 333 1354 Hic
366 1320 551 1364 loquitur
583 1320 634 1355 de
666 1320 869 1354 fratribus
901 1320 1000 1361 illis,
1034 1320 1104 1364 qui
1137 1320 1333 1355 incautos
1365 1330 1518 1364 pueros
1551 1320 1680 1356 etatis

207 1378 507 1414 discrecionem
540 1389 626 1413 non
666 1378 874 1413 habentes
912 1379 957 1412 in
990 1378 1056 1413 sui
1089 1379 1249 1413 ordinis
1281 1379 1586 1423 professionem
1621 1381 1678 1414 at-

207 1437 434 1473 tractando
460 1437 680 1480 colloquiis
706 1437 873 1471 blandis
895 1437 1182 1482 multipliciter
1208 1437 1452 1481 illaqueant.

57 1479 193 1560 {Capua
213 1513 285 1550 xxi.
372 1513 444 1550 Est
473 1512 594 1550 michi
624 1519 852 1561 suspectum
882 1512 934 1550 de
962 1511 1144 1550 fratribus
1175 1512 1262 1559 hoc,
1295 1512 1404 1562 quod
1435 1525 1571 1550 eorum

318 1577 505 1615 Reddere
534 1590 575 1615 se
605 1578 732 1627 primo
762 1578 893 1615 nullus
922 1577 1082 1615 adultus
1111 1577 1246 1616 adest:

320 1644 413 1681 Non
443 1643 498 1681 sic
529 1643 785 1681 Franciscum
814 1643 974 1692 puerilis
1004 1650 1171 1681 traxerat
1202 1650 1284 1681 etas

319 1709 480 1747 Ordinis
510 1709 562 1746 ad
590 1716 739 1755 votum,
772 1709 934 1758 quando
964 1709 1111 1757 recepit
1141 1721 1256 1747 eum:

319 1774 384 1812 Sic
413 1787 487 1812 nec
516 1786 608 1812 eum
638 1775 748 1823 pueri
778 1775 906 1823 primo
936 1774 1093 1811 coluere
1123 1786 1324 1823 sequaces,

322 1840 409 1877 Nec
437 1839 584 1877 blande
613 1839 744 1888 lingue
773 1839 906 1876 fabula
935 1839 1048 1876 traxit
1077 1851 1155 1876 eos.

325 1904 480 1942 Estimo
510 1911 684 1941 maturos
716 1904 948 1941 Franciscus
978 1910 1197 1952 sumpserat
1226 1916 1363 1951 annos,

324 1970 432 2006 Dum
462 1981 531 2018 per
559 1969 727 2007 discreta
757 1969 905 2006 viscera
934 1969 1039 2018 cepit
1068 1981 1192 2018 opus3

323 2034 375 2072 Et
404 2040 501 2083 puto
530 2034 640 2083 quod
670 2034 816 2072 similes
846 2046 916 2071 sua
945 2034 1131 2083 dogmata
1160 2040 1303 2083 sponte
1332 2042 1544 2084 sequentes

325 2099 412 2137 Nec
442 2111 557 2148 prece
587 2111 661 2137 nec
690 2099 824 2148 precio
852 2099 1025 2137 reddidit
1056 2099 1154 2137 ordo
1184 2100 1273 2138 deo.
1619 2116 1683 2148 990

324 2165 390 2202 Set
420 2172 530 2203 vetus
560 2177 650 2202 vsus
679 2164 802 2211 abest,
835 2177 926 2202 nam
956 2165 1247 2203 circumvencio
1276 2165 1378 2204 facta

327 2230 445 2267 Nunc
475 2230 591 2267 trahit
621 2230 804 2277 infantes,
833 2230 901 2279 qui
931 2230 1053 2267 nichil
1083 2230 1177 2268 inde
1206 2231 1361 2278 sciunt;

326 2296 378 2333 Et
406 2295 461 2332 sic
490 2295 541 2333 de
570 2295 693 2333 teneri
723 2302 834 2333 tener
863 2295 961 2333 ordo
991 2295 1125 2333 mollia
1154 2296 1293 2345 querit,

326 2360 556 2410 Vmbraque
585 2361 668 2398 sola
697 2367 830 2398 manet
859 2367 978 2410 atque
1007 2373 1179 2398 nouerca
1208 2361 1330 2409 quasi.

385 2427 433 2463 Vt
462 2432 576 2463 vocat
604 2426 655 2463 ad
684 2426 847 2475 laqueos
876 2426 1077 2463 volucrem
1107 2426 1204 2463 dum
1234 2426 1379 2463 fistulat
1407 2438 1563 2475 auceps,

328 2490 394 2528 Sic
422 2490 538 2528 trahit
568 2491 737 2529 infantes
767 2491 892 2529 fratris
921 2490 972 2528 ab
1001 2503 1068 2528 ore
1098 2502 1242 2528 sonus:

329 2556 382 2593 Vt
410 2556 614 2604 laqueatur
641 2556 725 2594 auis
754 2557 986 2606 laqueorum
1015 2555 1148 2594 nescia
1176 2554 1334 2601 fraudis,

329 2620 394 2658 Sic
422 2632 520 2669 puer
548 2621 587 2657 in
617 2620 774 2658 fratrem
803 2621 939 2659 fraude
969 2621 1114 2658 latente
1143 2619 1272 2658 cadit:

330 2686 381 2722 Et
409 2697 500 2722 cum
531 2685 586 2722 sic
615 2686 758 2734 poterit
785 2698 951 2735 puerum
981 2692 1091 2724 vetus
1120 2685 1341 2733 illaqueare,

331 2750 463 2788 Debet
492 2749 545 2788 ob
574 2750 650 2788 hoc
678 2750 792 2788 frater
821 2763 969 2789 nomen
998 2750 1144 2788 habere
1172 2749 1302 2798 patris.
1605 2767 1688 2789 1000

330 2815 394 2853 Sic
423 2820 606 2864 generata
635 2815 736 2852 dolis
765 2822 914 2864 patrem
945 2815 1120 2864 sequitur
1149 2826 1219 2852 sua
1248 2814 1387 2863 proles,

331 2880 457 2918 Addit
486 2887 524 2919 et
553 2880 603 2918 ad
633 2880 777 2929 patrios
806 2880 908 2919 faeta
937 2881 1076 2919 dolosa
1106 2879 1219 2918 dolos
1233 2893 1244 2927 3

281 2942 375 2964 ****
949 2956 975 2983 O
