2007 3173
356 210 438 263 388
825 207 958 250 VOX
997 207 1360 250 CLAMANTIS

406 314 508 352 1880.
535 315 705 350 Lumina
722 326 809 350 nec:
839 314 897 349 ‘N
902 325 944 349 ec
961 311 1116 356 faciem‚’
1134 313 1171 347 A
1177 324 1305 356 arom,
1321 312 1345 348 f.
1363 313 1421 356 67.

406 388 495 423 1881
511 389 533 423 f.
560 388 655 422 ‘Per
678 387 853 433 pinguem
879 385 1044 421 scabiem
1071 395 1253 420 succensa
1277 384 1394 419 libido
1419 391 1589 428 notatur;

588 443 722 477 Feruet
749 442 804 476 vel
829 441 918 476 fetet
945 451 1076 486 corpus
1101 447 1256 486 utroque
1281 440 1400 476 malo!
1450 440 1623 484 Aurora,
1639 440 1664 475 f.
1682 440 1740 483 67.

405 514 497 550 1885
510 514 545 550 ff.
574 515 653 550 Our
670 513 805 549 author
822 512 895 548 still
913 513 1078 548 borrows
1096 512 1190 547 from
1207 513 1270 547 the
1289 523 1394 547 same
1412 523 1554 555 source,
1574 511 1715 557 though
1732 511 1828 546 from

357 582 379 605 a
398 570 566 605 different
584 575 665 614 part
684 568 725 603 of
746 568 785 603 it.
834 569 904 604 We
923 568 1000 603 find
1023 568 1128 604 these
1152 568 1245 603 lines
1269 568 1398 613 nearly
1416 567 1452 602 in
1477 568 1539 603 the
1558 579 1660 603 same
1677 567 1773 602 form
1792 566 1830 601 in

356 627 418 661 the
436 626 604 670 Aurora,
619 625 641 659 f.
665 635 742 669 103,

616 697 625 714 ‘
641 698 718 732 Oza
743 707 876 731 manus
902 697 1062 731 tendens
1087 695 1246 732 accessit
1273 701 1312 730 ut
1338 695 1454 740 erigat
1480 696 1647 737 archam,

639 751 703 785 Set
728 761 815 784 mox
840 749 971 794 punita
996 755 1052 784 est
1079 749 1185 784 arida
1209 749 1309 783 facta
1334 760 1478 784 manus.

641 804 742 840 Hinc
769 805 852 840 ideo
878 805 1007 840 dicunt
1031 803 1213 840 memisse
1238 815 1380 848 necem,
1408 803 1494 849 quia
1518 810 1626 839 nocte

639 862 847 896 Transacta
872 859 1000 895 cohitu
1026 860 1195 904 coniugis
1221 871 1311 894 usus
1337 866 1427 894 erat.

639 916 860 951 Declaratur
885 916 921 950 in
946 916 1018 951 hoc
1044 916 1145 961 quod
1171 915 1202 950 si
1227 915 1389 961 pollutus
1415 915 1465 950 ad
1490 926 1594 950 aram

639 971 823 1015 Accedas,
850 971 980 1007 mortis
1006 971 1158 1007 uulnere
1186 970 1322 1016 dignus
1348 970 1443 1005 eris.'

405 1043 494 1079 1891
510 1044 533 1079 f.
631 1045 828 1090 ‘Namque
854 1044 1079 1089 superiectas
1108 1044 1236 1079 sordes
1263 1043 1456 1087 detergere
1480 1054 1571 1088 pure

656 1099 788 1135 Nescit
812 1106 941 1135 nostra
958 1111 1102 1143 manus,
1122 1099 1152 1134 si
1171 1105 1271 1135 tenet
1290 1098 1351 1133 illa
1368 1098 1509 1133 lutum!
1527 1099 1698 1139 Aurora,
1710 1097 1734 1132 f.
1755 1107 1832 1142 103.

405 1170 626 1207 1905-1908.
653 1172 777 1207 These
805 1178 877 1207 two
909 1171 1075 1217 couplets
1105 1183 1168 1207 are
1194 1171 1289 1206 from
1318 1171 1489 1213 Aurora,
1507 1170 1532 1206 f.
1566 1171 1611 1215 69
1623 1174 1675 1214 v0,
1707 1170 1828 1205 where

355 1229 526 1262 however
543 1228 632 1273 they
649 1239 711 1262 are
730 1228 926 1273 separated
944 1228 993 1272 by
1010 1227 1092 1263 four
1110 1227 1203 1262 lines
1221 1233 1285 1262 not
1303 1227 1391 1261 here
1408 1225 1530 1271 given.

406 1283 493 1317 1911
512 1283 547 1318 ff.
576 1284 643 1329 Cp.
661 1284 832 1327 Aurora,
848 1283 872 1318 f.
891 1284 937 1328 69
948 1287 1002 1327 v0,

616 1355 803 1391 ‘Radices
828 1367 904 1390 non
930 1355 1087 1401 extirpat
1113 1366 1242 1390 rasura
1267 1354 1440 1400 pilorum,

640 1411 705 1446 Set
732 1411 803 1446 rasi
823 1418 992 1446 crescunt
1019 1410 1318 1456 fructificantque
1344 1409 1430 1455 pyli.

642 1465 703 1501 Sic
728 1466 813 1501 licet
838 1467 999 1511 expellas
1026 1478 1154 1501 omnes
1181 1466 1228 1500 de
1252 1471 1399 1510 pectore
1425 1470 1560 1508 motus,

641 1522 729 1556 Non
755 1528 862 1567 potes
888 1522 975 1557 hinc
1001 1521 1150 1567 penitus
1176 1527 1311 1555 cuncta
1336 1520 1463 1564 fugare
1490 1526 1626 1555 tamen.

643 1578 727 1612 Hec
754 1577 800 1612 de
826 1588 937 1612 carne
963 1576 1090 1620 trahis,
1117 1576 1205 1622 quia
1229 1586 1377 1620 semper
1403 1575 1465 1610 alit
1493 1587 1579 1610 caro
1604 1586 1797 1621 pugnans;

642 1633 747 1668 Intus
773 1633 888 1668 habes
915 1644 999 1667 cum
1024 1643 1098 1678 quo
1124 1631 1241 1677 prelia
1267 1642 1413 1676 semper
1438 1631 1551 1675 agas!

358 1704 524 1740 Gower’s
541 1703 699 1750 reading
717 1705 926 1751 ‘pugnam'
947 1705 983 1739 in
1003 1706 1023 1739 l.
1046 1713 1133 1750 1915
1154 1704 1185 1740 is
1204 1704 1387 1750 probably
1405 1703 1514 1748 right.

406 1761 508 1795 1937.
536 1760 645 1805 Ovid,
664 1762 768 1796 Rem.
785 1761 953 1804 Amoris,
972 1761 1053 1805 669.

406 1815 509 1850 1939.
541 1817 696 1860 Tristia,
715 1816 761 1851 iv,
780 1817 812 1852 6.
830 1826 874 1861 33
893 1817 917 1852 f.

407 1872 498 1906 1943
516 1872 537 1906 f.
563 1872 666 1906 Rem.
684 1873 852 1916 Amoris,
872 1872 916 1916 89
933 1872 958 1907 f.

407 1927 497 1961 1945
515 1927 538 1961 f.
566 1928 632 1973 Cp.
650 1928 753 1962 Rem.
771 1928 941 1972 Amoris,
965 1935 1027 1972 115
1047 1927 1070 1962 f.

407 1982 509 2018 1946.
536 1983 730 2018 Jnuem'et:
759 1983 977 2028 apparently
995 1989 1121 2018 meant
1139 1982 1196 2018 for
1213 1981 1468 2028 subjunctive3
1497 1993 1552 2028 cp.
1572 1982 1593 2017 1.
1613 1992 1714 2025 1114.

407 2038 629 2073 1947—1950.
654 2039 758 2074 Rem.
776 2039 945 2082 Amoris,
965 2039 1092 2082 81—84.

407 2093 511 2128 1952.
539 2095 606 2139 Cp.
625 2095 719 2130 fler.
736 2094 822 2129 xvii.
844 2104 920 2138 190.

407 2149 510 2184 1953.
535 2150 639 2185 Rem.
657 2149 825 2192 Amoris,
840 2159 921 2194 229.

408 2204 498 2239 1955
517 2205 539 2239 f.
565 2206 669 2240 Rem.
685 2205 854 2248 Amoris,
876 2214 942 2249 139
958 2204 981 2239 f.

408 2275 499 2311 1999
517 2276 540 2311 f.
568 2277 685 2311 ‘Cum
711 2277 787 2312 sale
813 2288 879 2311 uas
906 2277 1056 2312 mittens
1082 2275 1119 2311 in
1145 2287 1261 2322 aquas
1290 2277 1485 2322 Helyseus‚
1513 2276 1666 2312 easdem

588 2334 716 2375 Sanat,
743 2344 812 2367 nec
838 2339 1006 2368 remanet
1030 2339 1158 2377 gustus
1184 2343 1332 2367 amarus
1359 2332 1488 2378 aquis.’
1525 2333 1696 2376 Aurora,
1709 2332 1735 2368 f.
1755 2341 1834 2375 140.

406 2403 511 2439 2001.
537 2405 706 2448 Aurora,
725 2405 747 2439 f.
768 2405 814 2440 60
831 2409 884 2440 νο.

406 2459 631 2494 2017-2020.
659 2461 771 2494 From
788 2460 958 2500 Aurora,
976 2459 1000 2494 f.
1019 2460 1052 2495 8.

406 2515 630 2550 2035-2040.
657 2517 769 2550 From
786 2516 956 2559 Aurora,
974 2515 997 2550 f.
1019 2524 1057 2560 15
1080 2519 1130 2555 νο,
1162 2515 1228 2550 but
1246 2525 1317 2549 one
1341 2513 1487 2559 couplet
1514 2514 1544 2550 is
1568 2514 1734 2558 omitted,
1758 2514 1833 2550 and

363 2581 404 2603 so
427 2571 489 2604 the
516 2582 623 2605 sense
647 2572 678 2606 is
702 2571 894 2606 obscured.
943 2571 1050 2605 After
1073 2570 1082 2587 ‘
1098 2577 1184 2605 sunt
1210 2569 1290 2605 sine
1313 2570 1396 2604 felle
1420 2569 1529 2604 boni'
1557 2570 1595 2615 (1.
1622 2570 1742 2615 2038),
1769 2569 1832 2606 the

362 2625 516 2670 original
534 2626 612 2669 has,

542 2697 656 2731 ‘Cras
681 2697 781 2733 canit
805 2697 894 2732 hinc
920 2708 1065 2741 coruus,
1092 2697 1204 2732 hodie
1231 2696 1330 2731 canit
1357 2696 1444 2732 inde
1470 2697 1663 2741 columba;

566 2752 648 2785 Hec
673 2763 742 2786 vox
768 2751 962 2796 peruersis,
989 2752 1156 2797 congruit
1183 2752 1244 2786 illa
1270 2752 1389 2786 bonis.

562 2808 654 2839 Cras
681 2818 837 2850 prauum
863 2814 1029 2850 cantant,
1055 2808 1144 2842 dum
1171 2819 1211 2842 se
1237 2814 1453 2843 conuertere
1479 2807 1641 2851 tardant,

565 2862 628 2895 Set
655 2862 747 2896 tales
776 2862 871 2897 tollit
897 2874 986 2908 sepe
1013 2874 1187 2908 suprema
1212 2863 1313 2898 dies!
