2095 3173
672 230 861 271 LIBER
900 228 1213 271 SEPTIMUS
1594 240 1674 280 295

319 339 360 377 Si
389 338 574 377 didicisse
603 338 755 376 bonum
784 337 986 387 potuisset,
1018 337 1096 374 iam
1126 336 1232 373 scola
1260 335 1367 373 nulla

320 403 472 442 Reddit
502 416 593 442 eum
623 404 797 449 doctum,
828 415 909 452 quo
937 402 1059 452 magis
1090 401 1173 451 ipse
1202 401 1302 450 sapit

319 470 430 518 Quid
459 470 508 507 sit
536 470 587 507 de
616 481 743 507 rerum
773 468 972 517 dampno:
1014 467 1115 505 valet
1144 467 1228 516 ipse
1255 466 1408 505 dierum

319 535 477 572 Perdita
506 535 582 572 iam
613 534 705 571 fiere
734 539 912 582 tempora
940 533 1057 581 longa
1087 531 1213 569 nimis.

319 600 456 649 Nuper
484 600 525 636 in
555 599 720 637 ecclesia
748 598 930 647 rogitauit
960 610 1055 644 raro,
1088 604 1146 635 set
1175 596 1268 635 inde

319 665 405 702 Iam
435 664 572 713 nequit
600 663 750 710 auferri,
784 663 839 700 nil
868 669 1001 700 tamen
1031 663 1115 711 ipse
1143 668 1264 711 rogat.
1612 667 1677 706 830

318 729 478 767 Semina
506 729 574 778 qui
604 740 719 778 parce
749 727 897 776 spersit,
930 739 1046 776 parce
1075 732 1197 764 metet
1226 727 1336 775 ipse;

318 795 441 843 Quod
470 806 595 843 nuper
624 794 764 843 potuit,
794 793 876 831 vult
905 793 1038 840 modo,
1071 792 1232 842 quando
1262 790 1410 841 nequit.

257 939 333 974 Hic
375 940 556 984 loquitur
603 939 653 975 de
700 939 889 983 eorporis
934 937 1087 972 mortui
1135 936 1406 980 corrupcione
1453 935 1677 971 secundum

209 999 368 1033 Gulam.

74 1079 202 1128 Capm.
226 1079 315 1117 xiiii.
403 1079 470 1117 Nil
498 1079 599 1128 gula,
630 1090 708 1127 que
737 1078 890 1116 dudum
918 1077 1042 1114 fuerat
1071 1076 1145 1114 sibi
1175 1075 1384 1122 cotidiana,

320 1144 502 1194 Amplius
533 1145 573 1181 in
601 1150 748 1188 ventre,
778 1150 836 1181 set
866 1154 939 1180 nec
969 1143 1009 1179 in
1038 1153 1105 1179 ore
1134 1142 1286 1190 placet:

319 1210 482 1247 Viscera
510 1221 588 1258 que
616 1220 748 1258 pressa
777 1208 929 1245 fuerant
957 1207 1148 1256 grauitate
1176 1205 1366 1253 ciborum,

319 1275 523 1312 Euacuata
552 1274 674 1311 modo
704 1273 759 1310 nil
787 1273 954 1311 retinere
983 1278 1146 1322 queunt.

318 1339 502 1378 Gustauit
531 1339 681 1388 species
711 1345 749 1376 et
778 1338 909 1376 dulcia
937 1337 1028 1375 vina
1058 1336 1230 1384 bibebat,

320 1406 479 1442 Horum
509 1410 680 1453 suntque
709 1404 798 1441 loco
827 1410 998 1440 stercora
1026 1403 1146 1439 mixta
1174 1402 1281 1440 luto:

321 1470 417 1507 Eius
447 1470 487 1506 in
517 1468 728 1515 vmbiculo,
760 1481 830 1506 sua
859 1480 939 1517 quo
969 1467 1170 1516 pinguedo
1199 1466 1357 1514 latebat,

320 1536 405 1573 Iam
435 1534 560 1572 latitat
589 1546 760 1582 serpens,
794 1533 860 1583 qui
891 1545 961 1570 sua
989 1544 1119 1570 crassa
1147 1539 1280 1571 vorat:
1616 1540 1680 1578 840

319 1600 409 1639 Olla
438 1600 497 1637 sui
527 1599 683 1646 ventris,
715 1610 793 1648 que
822 1598 985 1648 parturit
1015 1597 1257 1644 ebrietatem,

320 1665 542 1714 Rumpitur,
575 1671 614 1702 et
643 1664 739 1702 bufo
767 1664 934 1713 gutturis
963 1670 1074 1700 antra
1104 1669 1223 1701 tenet.

320 1732 423 1768 Esca
453 1729 527 1768 sibi
556 1730 709 1768 dudum
739 1729 921 1767 redolens
952 1728 1073 1765 nichil
1101 1728 1291 1766 ammodo
1321 1728 1483 1774 confert,

320 1795 500 1844 Occupat
530 1806 579 1832 en
610 1806 722 1831 nares
751 1793 841 1831 feda
870 1793 1039 1842 putredo
1068 1805 1182 1830 suas:

320 1859 501 1908 Crapula,
533 1870 612 1907 que
641 1870 766 1906 nuper
795 1858 940 1895 ieiunia
970 1857 1077 1894 nulla
1107 1856 1268 1903 submit,

323 1926 408 1962 Iam
438 1930 553 1973 rupto
582 1923 789 1961 stomacho
819 1922 937 1960 sentit
965 1922 1004 1958 in
1034 1934 1101 1960 ore
1131 1921 1263 1959 nichil.

259 2067 336 2102 Hic
377 2066 561 2110 loquitur
601 2065 652 2099 de
699 2064 886 2108 corporis
932 2063 1083 2098 mortui
1134 2063 1404 2107 corrupcione
1456 2063 1680 2098 secundum

210 2126 444 2161 Luxuriam.

81 2212 210 2260 Capm.
231 2221 290 2246 xv.
375 2206 412 2245 O
442 2205 509 2255 qui
538 2204 687 2242 luxurie
715 2204 859 2242 vicium
889 2210 969 2240 tam
999 2202 1115 2240 dulce
1144 2201 1317 2251 putabat,

323 2272 409 2309 Iam
438 2276 574 2319 sugget
604 2281 763 2318 serpens
792 2267 971 2306 membra
999 2267 1189 2317 pudenda
1218 2280 1298 2305 sua.

321 2336 502 2385 Amplius
531 2336 680 2372 incaste
709 2347 790 2372 non
819 2334 956 2371 circuit
986 2333 1051 2370 ille
1080 2333 1254 2382 lupanar,

323 2403 409 2440 Nec
439 2413 578 2439 manus
607 2401 647 2437 in
677 2406 783 2437 tactu
813 2399 904 2437 feda
932 2399 1087 2447 placere
1115 2398 1242 2436 valet:
1615 2404 1679 2444 850

323 2468 416 2504 Non
445 2467 546 2504 valet
575 2478 622 2503 ex
649 2465 773 2503 oculis
802 2465 911 2502 vultu
941 2463 1110 2501 similare
1138 2463 1306 2511 procaci,

324 2534 518 2570 Prouocet
547 2538 586 2569 vt
615 2530 773 2577 fatuam,
805 2542 885 2579 quo
915 2529 1038 2577 magis
1069 2528 1153 2577 ipsa
1182 2528 1300 2565 fauet.

325 2597 490 2636 Cantica
518 2596 738 2644 composita
757 2595 923 2632 Veneris
953 2605 1135 2631 sermone
1164 2592 1302 2630 dolosa

325 2662 429 2701 Cum
459 2660 686 2698 iuramentis
715 2660 904 2698 ammodo
934 2658 1040 2695 nulla
1069 2658 1231 2705 iuuantj,

326 2728 397 2764 Est
426 2724 500 2763 sibi
529 2725 584 2762 nil
613 2731 761 2772 cantus,
794 2724 915 2762 nichil
944 2731 1009 2761 aut
1039 2722 1215 2771 peditare
1243 2722 1379 2767 coreis,

326 2793 429 2830 Nam
460 2790 533 2829 sibi
562 2796 694 2840 guttur
722 2789 843 2836 abest,
876 2801 945 2839 pes
976 2800 1105 2837 neque
1134 2787 1286 2825 substat
1315 2787 1360 2825 ei.

679 2877 742 2916 843
767 2875 927 2908 redolens
944 2875 1069 2906 dudum
1087 2873 1220 2905 CEHD
