2095 3173
397 230 474 268 186

862 227 993 268 VOX
1035 228 1392 269 CLAMANTIS

501 337 610 374 Talis
640 334 747 375 enirn
779 334 926 372 meritis
956 340 1061 372 extat
1090 333 1299 372 laudabilis
1330 335 1429 382 altis,

502 402 599 440 Eius
629 415 720 439 nam
753 399 935 448 precibus
965 400 1185 437 viuificatur
1213 399 1371 437 humus.

503 469 570 505 Set
600 468 685 505 sine
714 465 877 504 materia
906 465 973 514 qui
1003 465 1127 502 laruat
1157 465 1196 502 in
1226 465 1365 503 ordine
1395 465 1573 512 formam,

503 533 684 570 Predicat
714 533 893 579 exterius,
926 530 1045 579 spirat
1075 537 1114 568 et
1143 530 1248 568 intus
1278 543 1385 580 opes,

502 596 667 634 Talibus
698 597 770 635 iste
799 597 898 634 liber
927 596 1074 644 profert
1104 609 1173 633 sua
1202 596 1321 634 verba
1352 596 1565 644 modernis,

502 663 555 699 Vt
585 661 659 699 sibi
691 674 766 699 vox
796 662 931 711 popvli
962 662 1129 699 contulit
1159 662 1222 699 illa
1252 662 1375 711 loqui.

556 727 709 766 Ordine
738 728 925 764 mendico
955 727 1195 776 supervndat
1224 727 1365 765 concio
1395 727 1567 774 fratrum,

504 793 566 830 De
596 792 741 842 quibus
770 792 971 830 exvndans
1001 792 1133 841 regula
1162 792 1287 841 prima
1315 792 1434 842 fugit:

504 858 651 895 Molles
682 856 901 895 deveniunt
930 857 1037 904 tales,
1071 858 1138 906 qui
1168 857 1266 895 dura
1296 858 1480 896 solebant

504 923 667 962 Ordinis
697 935 744 961 ex
774 929 867 961 voto
897 923 995 960 ferre
1024 922 1219 971 placenda
1249 922 1337 961 deo.

503 989 753 1037 Acephalum
785 1000 934 1026 nomen
964 988 1043 1026 sibi
1074 988 1187 1026 dant
1217 988 1344 1037 primo
1374 989 1641 1036 statuendum,

504 1056 636 1104 Seque
665 1061 809 1092 vocant
838 1054 978 1103 inopes
1008 1054 1080 1091 fert
1110 1053 1254 1103 quibus
1284 1054 1414 1092 omnis
1444 1067 1586 1104 opem:

503 1120 621 1159 Cristi
651 1120 867 1169 discipulos
897 1120 1092 1157 affirmant
1121 1132 1163 1157 se
1192 1119 1275 1158 fore
1303 1119 1449 1167 fratres,

504 1185 602 1224 Eius
633 1192 671 1223 et
701 1186 871 1235 exempli
902 1185 1056 1234 singula
1086 1186 1168 1222 iura
1198 1185 1334 1234 sequi:

504 1251 599 1288 Hoc
629 1251 794 1289 mentita
825 1251 924 1289 fides
954 1251 1060 1298 dicit,
1092 1258 1227 1288 tamen
1258 1251 1335 1288 hoc
1364 1250 1457 1288 satis
1487 1251 1561 1288 illis

503 1316 717 1363 Conuenit,
748 1324 788 1354 vt
818 1316 956 1354 dicunt
986 1316 1053 1365 qui
1084 1328 1192 1353 sacra
1222 1316 1365 1365 scripta
1394 1316 1537 1354 sciunt.

505 1382 605 1419 Sunt
634 1382 746 1431 quasi
777 1394 884 1418 nunc
912 1387 1052 1431 gentes
1082 1381 1136 1418 nil
1166 1381 1415 1430 proprietatis
1446 1381 1650 1428 habenteS,

505 1448 556 1485 Et
586 1454 720 1485 tamen
750 1447 789 1484 in
821 1447 946 1485 forma
975 1446 1158 1496 pauperis
1188 1459 1308 1484 omne
1337 1453 1485 1484 tenent.

506 1512 647 1550 Gracia
677 1513 708 1550 si
739 1513 852 1550 fuerit
881 1519 949 1549 aut
978 1512 1101 1549 fatum
1132 1511 1312 1549 fratribus
1343 1512 1425 1549 istis

506 1578 664 1624 Nescio,
696 1584 755 1616 set
784 1578 957 1615 mundus
987 1583 1092 1615 totus
1122 1577 1328 1615 habundat
1356 1577 1423 1615 eis.

506 1644 554 1681 In
585 1643 769 1681 manibus
799 1643 968 1681 retinent
998 1655 1153 1692 papam,
1186 1643 1253 1692 qui
1284 1643 1382 1680 dura
1411 1643 1555 1681 relaxat

505 1708 667 1747 Ordinis
698 1715 737 1747 et
766 1709 902 1747 statuit
931 1709 1042 1757 plura
1071 1708 1188 1746 licere
1218 1708 1339 1746 modo
1354 1722 1364 1756 3

505 1774 556 1812 Et
586 1774 617 1812 si
648 1786 744 1823 quas
775 1787 912 1812 causas
943 1786 1044 1823 pape
1074 1780 1190 1822 negat
1219 1773 1304 1822 ipsa
1332 1779 1518 1823 potestas,

505 1839 619 1878 Clam
650 1840 766 1877 faciet
794 1839 919 1877 licitas
950 1839 1049 1877 ordo
1079 1839 1234 1876 sinister
1263 1851 1340 1876 eas.

506 1905 591 1943 Nec
620 1917 686 1942 rex
715 1917 789 1943 nec
819 1905 1000 1954 princeps
1031 1916 1105 1941 nec
1135 1916 1297 1953 magnas
1327 1904 1413 1942 talis
1444 1904 1482 1941 in
1513 1903 1609 1942 orbe
1638 1912 1707 1952 est,

506 1971 585 2018 Qui
617 1983 687 2008 sua
716 1977 865 2008 secreta
895 1982 975 2008 non
1007 1970 1173 2007 fateatur
1202 1969 1268 2007 eis.

561 2036 612 2072 Et
642 2035 697 2073 sic
726 2035 900 2073 mendici
931 2035 1116 2073 dominos
1146 2041 1344 2083 superant,
1376 2041 1415 2073 et
1443 2034 1494 2073 ab
1525 2035 1621 2073 orbe

504 2101 706 2149 Vsurpant
735 2101 853 2138 tacite
882 2100 991 2150 quod
1022 2107 1138 2149 negat
1167 2100 1265 2138 ordo
1295 2101 1436 2149 palam.

507 2166 600 2203 Non
631 2166 703 2203 hos
733 2166 959 2214 discipulos,
991 2165 1114 2214 magis
1144 2166 1267 2203 immo
1296 2166 1393 2203 deos
1424 2166 1504 2204 fore
1535 2166 1677 2213 dicam,

506 2232 618 2269 Mors
648 2230 792 2280 quibus
822 2238 860 2268 et
889 2231 968 2268 vita
997 2231 1132 2268 dedita
1162 2231 1267 2268 lucra
1297 2231 1451 2269 ferunt:

505 2295 665 2334 Mortua
694 2308 868 2345 namque
898 2295 984 2341 sibi,
1016 2295 1161 2345 quibus
1190 2296 1255 2332 hic
1284 2296 1488 2334 confessor
1517 2297 1683 2344 adhesit,

507 2361 695 2410 Corpora,
728 2361 760 2399 si
790 2361 934 2399 fuerint
964 2361 1092 2409 digna,
1127 2361 1280 2409 sepulta
1310 2361 1434 2409 petit3

507 2427 573 2464 Set
604 2426 634 2463 si
664 2439 807 2475 corpus
837 2426 952 2474 inops
982 2425 1106 2472 fuerit,
1136 2425 1190 2462 nil
1219 2425 1403 2463 vendicat
1432 2425 1527 2474 ipse,

507 2491 611 2529 Nam
642 2504 712 2528 sua
742 2491 796 2528 nil
827 2491 962 2540 pietas,
994 2491 1072 2528 sint
1101 2491 1174 2528 nisi
1204 2491 1322 2537 lucra,
1354 2491 1465 2539 sapit.

507 2556 711 2605 Baptizare
742 2556 861 2594 fidem
893 2556 1044 2603 nolunt,
1076 2556 1169 2605 quia
1197 2567 1258 2593 res
1287 2555 1372 2593 sine
1401 2556 1510 2594 lucro

509 2622 602 2659 Non
633 2622 703 2659 erit
733 2622 772 2658 in
803 2621 987 2659 manibus
1016 2622 1121 2659 culta
1149 2621 1211 2659 vel
1239 2628 1326 2659 acta
1355 2622 1445 2659 suis.

506 2686 560 2723 Vt
589 2684 663 2723 sibi
695 2694 887 2724 mercator
917 2687 1011 2725 emit
1041 2699 1159 2724 omne
1188 2699 1312 2736 genus
1343 2688 1575 2736 specierum,

508 2751 636 2788 Lucra
666 2752 774 2800 quod
804 2764 850 2789 ex
880 2753 1013 2790 multis
1043 2752 1166 2789 multa
1195 2758 1329 2790 tenere
1358 2760 1504 2801 queat3

508 2815 572 2853 Sic
602 2828 740 2854 omnes
770 2817 909 2854 mundi
938 2830 1075 2855 causas
1104 2817 1306 2866 amplectit
1334 2830 1475 2856 auarus

508 2881 653 2927 Frater,
683 2888 722 2919 vt
752 2882 790 2919 in
821 2882 934 2921 variis
963 2883 1132 2932 gaudeat
1161 2882 1244 2932 ipse
1273 2883 1400 2921 lucris.

1805 1332 1821 1364 κ]

1829 1330 1844 1352 ω

1850 1333 1870 1354 0
