2095 3173
408 206 486 257 184

872 204 1003 246 VOX
1048 204 1408 246 CLAMANTIS

512 313 637 352 Cuius
667 312 707 349 in
736 319 899 361 aspectu
929 311 1061 349 secula
1090 317 1233 348 cuncta
1263 317 1411 360 patent.

512 379 552 416 Si
582 390 690 416 sacra
720 378 797 415 sint
827 376 1047 423 hominum,
1079 375 1177 425 quid
1206 375 1293 424 plus
1324 375 1523 425 sponsalia
1552 375 1670 415 Cristi

512 443 674 482 Debent
704 454 813 480 more
843 453 954 479 sacro
984 448 1091 478 casta
1120 452 1281 478 manere
1310 440 1398 478 deo.

513 507 700 546 Vestibus
730 507 769 544 in
800 506 918 557 nigris
948 506 1054 555 prius
1083 512 1141 545 est
1172 505 1310 544 induta
1339 506 1480 555 puella,

511 573 698 612 Crinibus
728 571 904 619 abscisis,
935 584 1027 609 cum
1057 572 1240 610 monialis
1269 572 1366 619 erit3
1811 575 1876 617 640

514 639 719 677 Deformat
747 650 891 687 corpus
922 638 1025 685 foris,
1057 644 1097 675 vt
1126 637 1175 675 sit
1205 637 1361 687 spiritus
1392 637 1497 675 intus

512 704 692 751 Pulcher,
724 710 763 742 et
791 703 967 741 albescat
997 703 1140 752 plenus
1170 715 1306 741 amore
1335 703 1412 741 dei.

513 771 621 808 Dum
651 769 743 807 foris
773 776 832 807 est
862 769 982 818 nigra,
1016 769 1124 807 fieret
1155 769 1185 806 si
1216 769 1361 817 nigrior
1391 768 1502 816 intra,

511 837 606 874 Non
636 842 676 873 vt
705 835 832 873 amica
863 835 938 881 dei,
970 833 1061 872 feda
1090 834 1235 872 reiecta
1265 834 1364 871 foret
1380 848 1390 882 ;

512 902 579 939 Set
608 901 705 939 dum
734 907 841 938 casta
870 907 1014 946 manet,
1047 899 1176 937 omnis
1207 899 1370 949 nigredo
1400 906 1577 948 perextra

512 968 694 1005 Mentem
723 966 906 1005 candoris
937 965 1063 1015 signat
1093 963 1240 1003 habere
1269 964 1406 1014 magis.

446 1128 524 1164 Hic
557 1128 740 1174 loquitur
770 1128 819 1163 de
853 1127 1074 1164 castitatis
1109 1127 1489 1168 commendacione,
1520 1137 1597 1171 que
1623 1127 1805 1163 maxime
1834 1127 1879 1161 in

402 1188 606 1233 religione
631 1187 871 1223 mulieribus
897 1187 1096 1222 conuenit
1120 1186 1340 1231 professis.

267 1278 395 1324 ‹japffl¹
420 1285 477 1311 xv.

565 1271 602 1311 O
632 1284 752 1321 quam
782 1271 983 1320 virginitas
1013 1270 1118 1319 prior
1148 1270 1257 1308 omni
1287 1269 1404 1308 laude
1434 1269 1610 1319 refulget,

512 1339 673 1387 Agnum
703 1349 780 1387 que
810 1336 987 1385 sequitur
1016 1343 1159 1374 cuncta
1188 1348 1257 1385 per
1285 1347 1379 1373 arua
1407 1335 1511 1384 poli3

511 1402 702 1452 Splendet
731 1408 770 1440 et
800 1402 839 1439 in
869 1402 980 1440 terris
1010 1401 1146 1440 deitati
1177 1407 1310 1450 nupta,
1342 1400 1570 1450 relinquens

512 1468 698 1517 Corporis
728 1467 892 1505 humani
922 1479 1000 1516 que
1028 1479 1152 1516 genus
1181 1473 1269 1504 acta
1299 1466 1427 1504 docet.
1813 1469 1880 1511 650

512 1535 626 1572 Fetet
655 1540 695 1570 vt
726 1533 883 1579 incasta‚
917 1533 1058 1581 fragrat
1087 1532 1172 1569 sine
1203 1531 1291 1569 labe
1320 1531 1479 1580 pudica,

514 1600 595 1638 Ista
624 1598 744 1637 deum
775 1598 926 1644 retinet,
959 1598 1024 1635 illa
1053 1597 1224 1634 cadauer
1252 1595 1384 1634 habet.

514 1665 698 1704 Centeno
727 1664 827 1701 trina
857 1664 983 1701 fructu
1014 1663 1213 1700 cumulata
1243 1669 1454 1711 perornant

515 1730 686 1779 Virginis
715 1735 807 1767 ante
838 1729 958 1767 deum
988 1728 1127 1766 florida
1156 1735 1257 1766 serta
1287 1735 1428 1777 caput:

514 1796 725 1845 Angelicas
755 1801 904 1832 turmas
933 1793 1178 1832 transcendit
1207 1793 1365 1842 virginis
1395 1793 1506 1841 ordo,

517 1862 649 1909 Quam
679 1860 803 1909 magis
833 1860 872 1897 in
901 1860 989 1897 celo
1018 1859 1119 1897 trina
1147 1871 1295 1897 corona
1325 1859 1428 1897 colit.

518 1927 609 1964 Iura
638 1938 810 1974 sequens
839 1925 971 1974 aquile
1001 1937 1114 1963 mens
1143 1924 1302 1973 virginis
1331 1924 1408 1961 alta
1437 1924 1646 1974 cupiscens

517 1991 672 2030 Celsius
703 1997 796 2029 ante
826 1991 959 2037 deum,
991 1997 1091 2028 teste
1122 1989 1314 2036 Iohanne,
1346 1990 1464 2027 volat.

517 2058 571 2095 Vt
599 2069 688 2094 rosa
717 2057 767 2095 de
796 2056 919 2105 spinis
949 2056 1079 2093 oriens
1109 2055 1376 2104 supereminet
1405 2055 1500 2102 illas,

518 2123 582 2160 Sic
611 2128 769 2171 superat
798 2121 971 2169 reliquos
1001 2120 1159 2170 virginis
1189 2121 1254 2158 ille
1284 2126 1407 2158 status
1424 2134 1434 2167 3
1817 2125 1883 2158 660

517 2189 571 2226 Vt
601 2187 807 2236 margarita
836 2187 965 2235 placet
994 2185 1084 2223 alba
1114 2186 1237 2235 magis
1267 2186 1455 2234 preciosa,

519 2254 582 2292 Sic
612 2253 740 2302 placet
770 2253 809 2289 in
839 2253 1009 2290 claustro
1039 2252 1146 2300 virgo
1176 2251 1351 2300 professa
1380 2251 1468 2289 deo.

520 2319 627 2356 Talis
657 2318 764 2356 enim
793 2318 972 2355 claustris
1003 2317 1184 2355 monialis
1215 2317 1370 2366 dignior
1399 2323 1502 2355 extat

521 2384 708 2422 Sanccior
737 2391 775 2421 et
805 2383 963 2429 meritis,
996 2383 1092 2421 dum
1122 2395 1192 2419 sua
1221 2389 1311 2420 vota
1341 2389 1459 2420 tenet.

521 2451 588 2488 Set
618 2461 869 2499 quecumque
898 2456 1032 2486 tamen
1062 2447 1136 2485 sub
1167 2448 1253 2485 velo
1283 2447 1450 2485 claustra
1480 2448 1651 2497 requirit,

520 2515 675 2565 Regula
703 2527 824 2564 quam
853 2520 982 2552 seruat
1011 2512 1272 2551 sanctificabit
1301 2525 1413 2551 eam:

520 2581 559 2619 Si
589 2580 704 2618 fuerit
734 2580 873 2618 mulier
902 2579 1019 2626 bona,
1052 2578 1182 2617 reddit
1211 2590 1298 2615 eam
1329 2578 1544 2625 meliorem,

521 2645 704 2684 Moribus
734 2652 772 2683 et
801 2657 930 2683 mores
959 2644 1070 2683 addit
1097 2643 1244 2693 vbique
1274 2643 1396 2692 magis
1413 2657 1423 2691 3

521 2711 560 2748 Si
591 2711 740 2760 polluta
770 2711 876 2760 prius
907 2711 955 2748 sit
984 2722 1104 2759 quam
1134 2709 1269 2755 velata,
1302 2720 1379 2758 que
1409 2715 1516 2747 caste

522 2777 725 2814 Ammodo
755 2777 871 2824 viuat,
904 2776 975 2815 erit
1003 2776 1139 2825 preuia
1169 2775 1285 2824 culpa
1315 2775 1446 2813 nichil.
1819 2780 1884 2822 670

416 2873 478 2910 645
503 2875 658 2910 psrextra
676 2870 830 2902 SHGTL
877 2881 935 2910 per
950 2876 1048 2902 extra
1064 2870 1156 2901 CED
1290 2871 1354 2900 662
1379 2870 1492 2910 placet
1509 2870 1605 2902 CEH
1651 2875 1747 2911 patet
1764 2869 1887 2902 SGDL
