2095 3173
435 245 516 283 300

908 231 1038 272 VOX
1079 229 1439 272 CLAMANTIS

544 339 831 378 Consummata
860 344 1023 375 manent
1052 336 1105 374 ibi
1135 337 1289 386 gaudia,
1321 336 1453 386 passio
1483 335 1590 374 nulla

545 405 616 442 Est
645 411 684 442 et
713 403 780 451 ibi,
812 409 870 441 set
900 401 1020 440 habet
1049 414 1169 440 omne
1198 401 1308 451 quod
1337 407 1448 450 optat
1477 401 1622 440 homo:
1822 415 1905 437 1000

544 471 636 507 Vita
665 468 878 518 perhennis
908 467 963 505 ibi
992 467 1106 517 viget,
1138 474 1177 506 et
1206 474 1313 516 patet
1342 467 1407 504 illa
1436 466 1566 513 beata,

546 535 637 583 Que
666 546 783 583 super
811 545 932 571 omne
960 533 1075 580 valet,
1107 533 1205 571 visio
1235 533 1337 571 clara
1367 532 1441 570 dei.

597 600 668 637 Vis
698 599 769 636 tibi
799 598 1022 636 describam
1051 599 1187 648 paucis
1217 598 1314 648 quid
1343 598 1391 636 sit
1420 598 1530 635 locus
1560 597 1654 635 ille?

544 665 636 702 Plus
666 670 725 701 est
755 676 874 713 quam
905 663 1035 713 quiuis
1065 665 1197 702 dicere
1226 663 1350 713 possit
1380 663 1525 701 homo:

544 730 637 767 Plus
667 737 726 767 est
755 741 875 779 quam
904 729 1028 778 possit
1056 729 1200 767 mentis
1229 729 1388 767 racione
1417 728 1563 775 doceri,

544 795 620 833 Vel
648 795 735 844 plus
765 807 886 844 quam
915 795 1046 833 cordis
1075 795 1174 833 cella
1202 800 1336 832 tenere
1365 801 1495 843 queat.

545 862 678 910 Quam
707 861 798 898 felix
826 861 937 898 locus
967 867 1036 908 est,
1068 873 1188 910 quam
1218 860 1338 910 digna
1366 860 1483 898 laude
1512 858 1715 905 colendus,

547 928 595 965 In
625 939 705 976 quo
735 927 979 964 conveniunt
1006 926 1151 976 gaudia
1178 932 1323 963 cuncta
1351 925 1492 963 simul!

546 993 620 1039 Sic,
652 993 745 1042 quia
773 1004 856 1029 non
886 992 972 1029 finit
1001 991 1055 1029 ibi
1084 991 1217 1041 gloria,
1249 1004 1331 1029 non
1361 1003 1434 1040 ego
1464 1003 1627 1040 possum

547 1058 688 1096 Finem
717 1057 917 1106 condigne
946 1069 1095 1106 ponere
1125 1057 1251 1094 laudis
1281 1057 1327 1095 ei.
1826 1069 1910 1091 1010

548 1123 630 1160 Hic
660 1123 732 1161 erit
761 1122 928 1172 angelici
958 1129 1079 1169 cetus,
1111 1134 1231 1171 quam
1261 1121 1434 1171 perdidit
1463 1121 1570 1169 olim,

547 1188 739 1238 Suppleto
768 1200 935 1226 numero
964 1188 1086 1237 gloria
1114 1188 1232 1237 plena
1261 1200 1358 1226 suo:

548 1254 630 1291 Hic
660 1254 731 1292 erit
760 1253 936 1291 humano
965 1253 1098 1302 generi
1128 1253 1212 1291 laus
1241 1264 1407 1299 summa,
1438 1258 1641 1301 resumpto

548 1318 726 1368 Corpore
755 1331 846 1355 cum
876 1318 991 1356 fuerit
1019 1319 1235 1368 glorificata
1264 1330 1378 1356 caro:

551 1385 632 1422 Hic
662 1384 734 1422 erit
763 1384 803 1421 in
833 1384 999 1422 domino
1028 1384 1180 1421 cunctis
1209 1384 1381 1434 gaudere
1410 1395 1480 1432 per
1508 1395 1639 1429 euum,

550 1449 698 1488 Omnia
727 1462 818 1487 curn
851 1450 966 1488 fuerit
994 1449 1182 1488 omnibus
1212 1451 1295 1499 ipse
1325 1450 1447 1489 deus:

551 1515 602 1552 Et
632 1515 688 1552 sic
717 1527 823 1553 mors
853 1515 943 1552 iusti
972 1515 1074 1553 tollit
1103 1514 1178 1553 sibi
1207 1522 1351 1552 cuncta
1379 1514 1523 1552 nociua

551 1580 750 1629 Corporis,
781 1592 827 1618 ac
856 1581 988 1618 anime
1018 1580 1140 1618 celica
1169 1592 1289 1630 regna
1317 1586 1438 1629 parat.

552 1646 657 1684 Cum
687 1646 853 1684 moritur
882 1646 1019 1693 iustus,
1051 1653 1147 1683 tunc
1175 1646 1314 1684 viuens
1343 1645 1481 1694 incipit
1509 1656 1621 1693 esse;

552 1711 644 1748 Hec
674 1723 779 1749 mors
809 1711 945 1757 vitalis,
979 1723 1057 1760 que
1087 1711 1296 1749 moriendo
1326 1711 1459 1758 iuuat3
1830 1724 1913 1745 1020

552 1777 645 1814 Hec
674 1789 778 1814 mors
809 1788 890 1814 non
919 1777 1030 1814 oneri
1060 1784 1117 1814 set
1147 1777 1234 1825 plus
1263 1776 1452 1814 conducit
1482 1775 1634 1822 honori,

553 1841 735 1880 Possidet
764 1842 804 1878 in
834 1841 1011 1891 requiem
1040 1848 1219 1879 mortuus
1248 1841 1353 1879 vnde
1382 1841 1515 1880 deum.

491 1965 570 2000 Hic
588 1966 772 2010 loquitur
794 1966 845 2000 de
870 1965 1022 2009 duplici
1045 1967 1179 2000 morte
1204 1965 1453 2009 peccatoris,
1470 1974 1559 1999 vna
1582 1974 1635 1999 ex
1659 1974 1742 2008 qua
1764 1973 1914 2007 corpus

446 2025 513 2059 hic
544 2025 783 2064 resoluitur,
813 2024 899 2059 alia
926 2035 978 2059 ex
1007 2035 1089 2068 qua
1119 2025 1246 2068 digno
1276 2024 1343 2059 dei
1370 2024 1520 2059 iudicio
1547 2024 1668 2068 penis
1702 2022 1913 2067 perpetuis

448 2084 588 2118 anima
605 2083 825 2118 cruciatur.

303 2167 433 2215 Capru.
454 2164 526 2201 xix.

614 2164 734 2201 Heu!
774 2163 889 2200 nimis
920 2163 1055 2201 infelix
1083 2164 1151 2213 qui
1180 2176 1222 2202 se
1250 2164 1388 2201 viuens
1418 2164 1520 2201 male
1548 2163 1678 2213 gessit,

556 2229 650 2277 Quo
678 2229 807 2278 grauis
837 2229 877 2265 in
906 2235 1032 2266 morte
1061 2241 1164 2277 pena
1191 2228 1344 2267 vorabit
1374 2238 1490 2266 eum:

557 2295 669 2332 Mors
698 2294 846 2332 etenim
876 2293 1022 2342 duplex
1051 2294 1203 2331 homini
1232 2292 1400 2332 debetur
1428 2294 1591 2343 iniquo;

558 2360 630 2397 Est
660 2372 764 2397 mors
794 2359 919 2408 prima
947 2359 1086 2408 grauis,
1118 2359 1238 2396 altera
1266 2358 1357 2397 feda
1386 2359 1519 2407 magis.

559 2424 690 2462 Prima
719 2437 865 2462 necans
895 2436 1037 2473 corpus
1067 2424 1118 2462 de
1147 2423 1300 2461 mundo
1329 2429 1505 2472 segregat
1534 2423 1642 2470 illud,

562 2491 649 2528 Nec
677 2491 779 2528 valet
806 2490 964 2528 vlterius
994 2490 1090 2539 quid
1120 2489 1194 2527 sibi
1223 2490 1322 2527 ferre
1350 2490 1467 2537 mali3

559 2556 694 2593 Altera
723 2562 781 2593 set
808 2556 964 2605 grauior
990 2556 1163 2593 animam
1191 2554 1353 2592 deducit
1381 2554 1432 2592 ad
1461 2566 1562 2604 yma,

561 2621 711 2659 Reddit
740 2627 780 2659 et
808 2621 912 2659 hanc
941 2621 1124 2668 Sathane,
1155 2632 1233 2670 que
1262 2620 1361 2658 solet
1391 2632 1476 2657 esse
1505 2620 1594 2658 dei:
1835 2633 1917 2663 1030

562 2686 679 2724 Ponit
708 2687 748 2723 in
777 2686 1007 2736 ambiguum
1038 2698 1116 2736 que
1145 2685 1194 2724 sit
1222 2685 1424 2723 mundana
1452 2686 1645 2734 voluptas,

564 2752 614 2789 Et
644 2751 726 2789 fore
756 2752 823 2789 dat
852 2758 1003 2789 certum
1033 2763 1135 2801 pena
1165 2750 1274 2800 quod
1303 2751 1432 2788 omnis
1462 2751 1584 2797 adest,

564 2817 671 2853 Pena
700 2816 862 2864 quidem
892 2816 1046 2863 baratri,
1077 2816 1191 2854 dolor
1219 2816 1348 2854 omnis
1378 2828 1458 2865 quo
1486 2814 1693 2865 vegetabit,

585 2896 667 2936 Cap.
682 2896 751 2928 xix.
767 2896 928 2939 Heading
943 2906 957 2927 1
977 2897 1103 2938 duplici
1121 2897 1242 2929 CEGL
1288 2897 1439 2937 dupplici
1457 2897 1550 2929 SHT
1595 2895 1728 2935 duplice
1746 2895 1776 2926 D
