<?xml version="1.0" encoding="UTF-8"?>
<!DOCTYPE html PUBLIC "-//W3C//DTD XHTML 1.0 Transitional//EN"
    "http://www.w3.org/TR/xhtml1/DTD/xhtml1-transitional.dtd">
<html xmlns="http://www.w3.org/1999/xhtml" xml:lang="en" lang="en">
 <head>
  <title>
</title>
<meta http-equiv="Content-Type" content="text/html;charset=utf-8" />
  <meta name='ocr-system' content='tesseract 3.04.00' />
  <meta name='ocr-capabilities' content='ocr_page ocr_carea ocr_par ocr_line ocrx_word'/>
</head>
<body>
  <div class='ocr_page' id='page_1' title='image "./completeworksofj04gowe_0404.png"; bbox 0 0 2095 3173; ppageno 0'>
   <div class='ocr_carea' id='block_1_1' title="bbox 455 225 537 275">
    <p class='ocr_par' dir='ltr' id='par_1_1' title="bbox 455 225 537 275">
     <span class='ocr_line' id='line_1_1' title="bbox 455 225 537 275; baseline -0.037 -10"><span class='ocrx_word' id='word_1_1' title='bbox 455 225 537 275; x_wconf 84' lang='lat'>296</span> 
     </span>
    </p>
   </div>
   <div class='ocr_carea' id='block_1_2' title="bbox 930 222 1459 263">
    <p class='ocr_par' dir='ltr' id='par_1_2' title="bbox 930 222 1459 263">
     <span class='ocr_line' id='line_1_2' title="bbox 930 222 1459 263; baseline 0 -1"><span class='ocrx_word' id='word_1_2' title='bbox 930 223 1059 263; x_wconf 91' lang='lat' dir='ltr'>VOX</span> <span class='ocrx_word' id='word_1_3' title='bbox 1100 222 1459 263; x_wconf 86' lang='lat' dir='ltr'><strong>CLAMANTIS</strong></span> 
     </span>
    </p>
   </div>
   <div class='ocr_carea' id='block_1_3' title="bbox 566 329 1660 575">
    <p class='ocr_par' dir='ltr' id='par_1_3' title="bbox 566 329 1660 443">
     <span class='ocr_line' id='line_1_3' title="bbox 566 329 1660 378; baseline -0.001 -9"><span class='ocrx_word' id='word_1_4' title='bbox 566 331 660 369; x_wconf 93' lang='lat' dir='ltr'>Non</span> <span class='ocrx_word' id='word_1_5' title='bbox 690 331 782 368; x_wconf 84' lang='lat' dir='ltr'>facit</span> <span class='ocrx_word' id='word_1_6' title='bbox 810 331 1017 376; x_wconf 87' lang='lat' dir='ltr'>incestum,</span> <span class='ocrx_word' id='word_1_7' title='bbox 1049 341 1179 378; x_wconf 89' lang='lat' dir='ltr'>neque</span> <span class='ocrx_word' id='word_1_8' title='bbox 1207 329 1438 378; x_wconf 87' lang='lat' dir='ltr'>virginitatis</span> <span class='ocrx_word' id='word_1_9' title='bbox 1467 329 1660 369; x_wconf 89' lang='lat' dir='ltr'>honorem</span> 
     </span>
     <span class='ocr_line' id='line_1_4' title="bbox 566 395 1430 443; baseline -0.002 -8"><span class='ocrx_word' id='word_1_10' title='bbox 566 398 751 435; x_wconf 87' lang='lat' dir='ltr'>Mortuus</span> <span class='ocrx_word' id='word_1_11' title='bbox 781 397 821 433; x_wconf 90' lang='lat' dir='ltr'>in</span> <span class='ocrx_word' id='word_1_12' title='bbox 850 408 967 433; x_wconf 86' lang='lat' dir='ltr'>carne</span> <span class='ocrx_word' id='word_1_13' title='bbox 997 396 1073 432; x_wconf 91' lang='lat' dir='ltr'>iam</span> <span class='ocrx_word' id='word_1_14' title='bbox 1103 395 1249 432; x_wconf 85' lang='lat' dir='ltr'>violare</span> <span class='ocrx_word' id='word_1_15' title='bbox 1277 401 1430 443; x_wconf 89' lang='lat' dir='ltr'>potest:</span> 
     </span>
    </p>

    <p class='ocr_par' dir='ltr' id='par_1_4' title="bbox 567 460 1656 575">
     <span class='ocr_line' id='line_1_5' title="bbox 567 460 1656 510; baseline -0.002 -10"><span class='ocrx_word' id='word_1_16' title='bbox 567 462 639 500; x_wconf 91' lang='lat' dir='ltr'>Est</span> <span class='ocrx_word' id='word_1_17' title='bbox 669 461 791 499; x_wconf 88' lang='lat' dir='ltr'>modo</span> <span class='ocrx_word' id='word_1_18' title='bbox 820 460 988 510; x_wconf 86' lang='lat' dir='ltr'>putredo</span> <span class='ocrx_word' id='word_1_19' title='bbox 1019 460 1210 510; x_wconf 89' lang='lat' dir='ltr'>quicquid</span> <span class='ocrx_word' id='word_1_20' title='bbox 1240 460 1311 497; x_wconf 90' lang='lat' dir='ltr'>fuit</span> <span class='ocrx_word' id='word_1_21' title='bbox 1340 468 1432 499; x_wconf 86' lang='lat' dir='ltr'>ante</span> <span class='ocrx_word' id='word_1_22' title='bbox 1460 460 1656 510; x_wconf 88' lang='lat' dir='ltr'>voluptas,</span> 
     </span>
     <span class='ocr_line' id='line_1_6' title="bbox 567 526 1336 575; baseline 0 -11"><span class='ocrx_word' id='word_1_23' title='bbox 567 527 618 564; x_wconf 88' lang='lat' dir='ltr'>Et</span> <span class='ocrx_word' id='word_1_24' title='bbox 647 527 753 564; x_wconf 86' lang='lat' dir='ltr'>calor</span> <span class='ocrx_word' id='word_1_25' title='bbox 781 526 821 563; x_wconf 92' lang='lat' dir='ltr'>in</span> <span class='ocrx_word' id='word_1_26' title='bbox 850 526 958 564; x_wconf 85' lang='lat' dir='ltr'>coitu</span> <span class='ocrx_word' id='word_1_27' title='bbox 987 526 1196 575; x_wconf 84' lang='lat' dir='ltr'><strong>frigiditate</strong></span> <span class='ocrx_word' id='word_1_28' title='bbox 1222 526 1336 575; x_wconf 84' lang='lat' dir='ltr'>gelat.</span> 
     </span>
    </p>
   </div>
   <div class='ocr_carea' id='block_1_4' title="bbox 566 591 1730 640">
    <p class='ocr_par' dir='ltr' id='par_1_5' title="bbox 566 591 1730 640">
     <span class='ocr_line' id='line_1_7' title="bbox 566 591 1730 640; baseline 0 -12"><span class='ocrx_word' id='word_1_29' title='bbox 566 592 630 629; x_wconf 89' lang='lat' dir='ltr'>Sic</span> <span class='ocrx_word' id='word_1_30' title='bbox 659 591 770 640; x_wconf 88' lang='lat' dir='ltr'>quod</span> <span class='ocrx_word' id='word_1_31' title='bbox 799 598 879 628; x_wconf 90' lang='lat' dir='ltr'>erat</span> <span class='ocrx_word' id='word_1_32' title='bbox 908 591 1061 629; x_wconf 89' lang='lat' dir='ltr'>dudum</span> <span class='ocrx_word' id='word_1_33' title='bbox 1091 603 1244 640; x_wconf 87' lang='lat' dir='ltr'>corpus,</span> <span class='ocrx_word' id='word_1_34' title='bbox 1277 603 1384 628; x_wconf 93' lang='lat' dir='ltr'>nunc</span> <span class='ocrx_word' id='word_1_35' title='bbox 1413 603 1507 630; x_wconf 89' lang='lat' dir='ltr'>ecce</span> <span class='ocrx_word' id='word_1_36' title='bbox 1535 591 1730 639; x_wconf 80' lang='lat' dir='ltr'>cadauer3</span> 
     </span>
    </p>
   </div>
   <div class='ocr_carea' id='block_1_5' title="bbox 568 655 1522 705">
    <p class='ocr_par' dir='ltr' id='par_1_6' title="bbox 568 655 1522 705">
     <span class='ocr_line' id='line_1_8' title="bbox 568 655 1522 705; baseline 0.001 -12"><span class='ocrx_word' id='word_1_37' title='bbox 568 656 619 694; x_wconf 90' lang='lat' dir='ltr'>Et</span> <span class='ocrx_word' id='word_1_38' title='bbox 648 655 748 694; x_wconf 90' lang='lat' dir='ltr'>redit</span> <span class='ocrx_word' id='word_1_39' title='bbox 778 656 818 693; x_wconf 90' lang='lat' dir='ltr'>in</span> <span class='ocrx_word' id='word_1_40' title='bbox 848 656 1021 694; x_wconf 91' lang='lat' dir='ltr'>cinerem</span> <span class='ocrx_word' id='word_1_41' title='bbox 1051 656 1160 705; x_wconf 90' lang='lat' dir='ltr'>quod</span> <span class='ocrx_word' id='word_1_42' title='bbox 1188 655 1260 694; x_wconf 89' lang='lat' dir='ltr'>fuit</span> <span class='ocrx_word' id='word_1_43' title='bbox 1288 662 1380 694; x_wconf 92' lang='lat' dir='ltr'>ante</span> <span class='ocrx_word' id='word_1_44' title='bbox 1410 656 1522 694; x_wconf 85' lang='lat' dir='ltr'>cinis.</span> 
     </span>
    </p>
   </div>
   <div class='ocr_carea' id='block_1_6' title="bbox 1864 531 1930 564">
    <p class='ocr_par' dir='ltr' id='par_1_7' title="bbox 1864 531 1930 564">
     <span class='ocr_line' id='line_1_9' title="bbox 1864 531 1930 564; baseline -0.03 0"><span class='ocrx_word' id='word_1_45' title='bbox 1864 531 1930 564; x_wconf 90' lang='lat'>860</span> 
     </span>
    </p>
   </div>
   <div class='ocr_carea' id='block_1_7' title="bbox 457 798 1932 961">
    <p class='ocr_par' dir='ltr' id='par_1_8' title="bbox 457 798 1932 961">
     <span class='ocr_line' id='line_1_10' title="bbox 505 798 1932 844; baseline -0.001 -10"><span class='ocrx_word' id='word_1_46' title='bbox 505 800 651 844; x_wconf 84' lang='lat' dir='ltr'>Exquo</span> <span class='ocrx_word' id='word_1_47' title='bbox 688 799 892 835; x_wconf 81' lang='lat' dir='ltr'>tractauit</span> <span class='ocrx_word' id='word_1_48' title='bbox 932 799 1111 843; x_wconf 80' lang='lat' dir='ltr'>qualiter</span> <span class='ocrx_word' id='word_1_49' title='bbox 1144 798 1282 834; x_wconf 83' lang='lat' dir='ltr'>variis</span> <span class='ocrx_word' id='word_1_50' title='bbox 1315 798 1479 842; x_wconf 87' lang='lat' dir='ltr'>peccati</span> <span class='ocrx_word' id='word_1_51' title='bbox 1514 799 1675 833; x_wconf 84' lang='lat' dir='ltr'>deliciis</span> <span class='ocrx_word' id='word_1_52' title='bbox 1705 799 1932 833; x_wconf 83' lang='lat' dir='ltr'>humanum</span> 
     </span>
     <span class='ocr_line' id='line_1_11' title="bbox 457 857 1931 904; baseline -0.001 -10"><span class='ocrx_word' id='word_1_53' title='bbox 457 869 610 904; x_wconf 86' lang='lat' dir='ltr'>corpus</span> <span class='ocrx_word' id='word_1_54' title='bbox 627 858 778 894; x_wconf 82' lang='lat' dir='ltr'>mortis</span> <span class='ocrx_word' id='word_1_55' title='bbox 801 858 1020 903; x_wconf 82' lang='lat' dir='ltr'>putredine</span> <span class='ocrx_word' id='word_1_56' title='bbox 1043 859 1086 892; x_wconf 91' lang='lat' dir='ltr'>in</span> <span class='ocrx_word' id='word_1_57' title='bbox 1108 858 1188 893; x_wconf 90' lang='lat' dir='ltr'>hoc</span> <span class='ocrx_word' id='word_1_58' title='bbox 1213 857 1366 892; x_wconf 89' lang='lat' dir='ltr'>mundo</span> <span class='ocrx_word' id='word_1_59' title='bbox 1394 858 1666 899; x_wconf 85' lang='lat' dir='ltr'>consumitur,</span> <span class='ocrx_word' id='word_1_60' title='bbox 1690 858 1931 902; x_wconf 84' lang='lat' dir='ltr'>interrogat</span> 
     </span>
     <span class='ocr_line' id='line_1_12' title="bbox 457 917 1932 961; baseline -0.001 -9"><span class='ocrx_word' id='word_1_61' title='bbox 457 919 636 954; x_wconf 85' lang='lat' dir='ltr'>vlterius</span> <span class='ocrx_word' id='word_1_62' title='bbox 653 918 703 952; x_wconf 89' lang='lat' dir='ltr'>de</span> <span class='ocrx_word' id='word_1_63' title='bbox 725 917 893 952; x_wconf 91' lang='lat' dir='ltr'>homine</span> <span class='ocrx_word' id='word_1_64' title='bbox 916 919 1152 961; x_wconf 84' lang='lat' dir='ltr'>peccatore,</span> <span class='ocrx_word' id='word_1_65' title='bbox 1179 917 1388 960; x_wconf 89' lang='lat' dir='ltr'>quomodo</span> <span class='ocrx_word' id='word_1_66' title='bbox 1410 917 1552 951; x_wconf 86' lang='lat' dir='ltr'>mundi</span> <span class='ocrx_word' id='word_1_67' title='bbox 1575 917 1825 961; x_wconf 87' lang='lat' dir='ltr'>voluptates</span> <span class='ocrx_word' id='word_1_68' title='bbox 1842 918 1932 951; x_wconf 87' lang='lat' dir='ltr'>tam</span> 
     </span>
    </p>
   </div>
   <div class='ocr_carea' id='block_1_8' title="bbox 457 976 1931 1082">
    <p class='ocr_par' dir='ltr' id='par_1_9' title="bbox 457 976 1931 1082">
     <span class='ocr_line' id='line_1_13' title="bbox 457 976 1931 1021; baseline -0.001 -9"><span class='ocrx_word' id='word_1_69' title='bbox 457 978 655 1013; x_wconf 86' lang='lat' dir='ltr'>fallibiles</span> <span class='ocrx_word' id='word_1_70' title='bbox 695 977 740 1011; x_wconf 90' lang='lat' dir='ltr'>in</span> <span class='ocrx_word' id='word_1_71' title='bbox 781 977 848 1012; x_wconf 83' lang='lat' dir='ltr'>sui</span> <span class='ocrx_word' id='word_1_72' title='bbox 887 976 1156 1021; x_wconf 89' lang='lat' dir='ltr'>preiudicium</span> <span class='ocrx_word' id='word_1_73' title='bbox 1198 977 1261 1011; x_wconf 86' lang='lat' dir='ltr'>ita</span> <span class='ocrx_word' id='word_1_74' title='bbox 1308 976 1508 1011; x_wconf 85' lang='lat' dir='ltr'>ardenter</span> <span class='ocrx_word' id='word_1_75' title='bbox 1548 976 1629 1010; x_wconf 87' lang='lat' dir='ltr'>sibi</span> <span class='ocrx_word' id='word_1_76' title='bbox 1678 976 1841 1021; x_wconf 87' lang='lat' dir='ltr'>appetit</span> <span class='ocrx_word' id='word_1_77' title='bbox 1889 977 1931 1011; x_wconf 88' lang='lat' dir='ltr'>et</span> 
     </span>
     <span class='ocr_line' id='line_1_14' title="bbox 460 1036 687 1082; baseline -0.004 -9"><span class='ocrx_word' id='word_1_78' title='bbox 460 1036 687 1082; x_wconf 85' lang='lat' dir='ltr'>conspirat.</span> 
     </span>
    </p>
   </div>
   <div class='ocr_carea' id='block_1_9' title="bbox 313 1118 534 1169">
    <p class='ocr_par' dir='ltr' id='par_1_10' title="bbox 313 1118 534 1169">
     <span class='ocr_line' id='line_1_15' title="bbox 313 1118 534 1169; baseline 0 -12"><span class='ocrx_word' id='word_1_79' title='bbox 313 1119 440 1169; x_wconf 67' lang='lat' dir='ltr'>Capru.</span> <span class='ocrx_word' id='word_1_80' title='bbox 462 1118 534 1157; x_wconf 82' lang='lat' dir='ltr'>xvi.</span> 
     </span>
    </p>
   </div>
   <div class='ocr_carea' id='block_1_10' title="bbox 621 1115 1778 1166">
    <p class='ocr_par' dir='ltr' id='par_1_11' title="bbox 621 1115 1778 1166">
     <span class='ocr_line' id='line_1_16' title="bbox 621 1115 1778 1166; baseline -0.002 -10"><span class='ocrx_word' id='word_1_81' title='bbox 621 1117 658 1157; x_wconf 90' lang='lat' dir='ltr'>O</span> <span class='ocrx_word' id='word_1_82' title='bbox 688 1117 808 1155; x_wconf 88' lang='lat' dir='ltr'>michi</span> <span class='ocrx_word' id='word_1_83' title='bbox 838 1116 1045 1166; x_wconf 85' lang='lat' dir='ltr'>responde,</span> <span class='ocrx_word' id='word_1_84' title='bbox 1077 1116 1149 1154; x_wconf 89' lang='lat' dir='ltr'>fert</span> <span class='ocrx_word' id='word_1_85' title='bbox 1179 1115 1275 1166; x_wconf 90' lang='lat' dir='ltr'>quid</span> <span class='ocrx_word' id='word_1_86' title='bbox 1304 1115 1375 1154; x_wconf 91' lang='lat' dir='ltr'>tibi</span> <span class='ocrx_word' id='word_1_87' title='bbox 1405 1128 1564 1165; x_wconf 88' lang='lat' dir='ltr'>pompa,</span> <span class='ocrx_word' id='word_1_88' title='bbox 1596 1115 1778 1165; x_wconf 83' lang='lat' dir='ltr'>superbe,</span> 
     </span>
    </p>
   </div>
   <div class='ocr_carea' id='block_1_11' title="bbox 567 1180 1719 2539">
    <p class='ocr_par' dir='ltr' id='par_1_12' title="bbox 567 1180 1530 1231">
     <span class='ocr_line' id='line_1_17' title="bbox 567 1180 1530 1231; baseline -0.003 -8"><span class='ocrx_word' id='word_1_89' title='bbox 567 1183 671 1223; x_wconf 90' lang='lat' dir='ltr'>Cum</span> <span class='ocrx_word' id='word_1_90' title='bbox 701 1189 799 1221; x_wconf 87' lang='lat' dir='ltr'>teret</span> <span class='ocrx_word' id='word_1_91' title='bbox 829 1183 868 1219; x_wconf 94' lang='lat' dir='ltr'>in</span> <span class='ocrx_word' id='word_1_92' title='bbox 898 1189 998 1220; x_wconf 85' lang='lat' dir='ltr'>terra</span> <span class='ocrx_word' id='word_1_93' title='bbox 1027 1180 1207 1220; x_wconf 87' lang='lat' dir='ltr'>membra</span> <span class='ocrx_word' id='word_1_94' title='bbox 1235 1182 1404 1231; x_wconf 88' lang='lat' dir='ltr'>putredo</span> <span class='ocrx_word' id='word_1_95' title='bbox 1433 1183 1530 1220; x_wconf 88' lang='lat' dir='ltr'>tua?</span> 
     </span>
    </p>

    <p class='ocr_par' dir='ltr' id='par_1_13' title="bbox 568 1247 1604 1495">
     <span class='ocr_line' id='line_1_18' title="bbox 568 1247 1593 1297; baseline -0.002 -11"><span class='ocrx_word' id='word_1_96' title='bbox 568 1249 645 1287; x_wconf 92' lang='lat' dir='ltr'>Dic</span> <span class='ocrx_word' id='word_1_97' title='bbox 674 1247 757 1295; x_wconf 88' lang='lat' dir='ltr'>tibi,</span> <span class='ocrx_word' id='word_1_98' title='bbox 789 1254 832 1285; x_wconf 91' lang='lat' dir='ltr'>tu</span> <span class='ocrx_word' id='word_1_99' title='bbox 862 1248 998 1294; x_wconf 88' lang='lat' dir='ltr'>serico,</span> <span class='ocrx_word' id='word_1_100' title='bbox 1029 1247 1196 1297; x_wconf 87' lang='lat' dir='ltr'>gemmis</span> <span class='ocrx_word' id='word_1_101' title='bbox 1225 1247 1389 1285; x_wconf 86' lang='lat' dir='ltr'>vestitus</span> <span class='ocrx_word' id='word_1_102' title='bbox 1419 1254 1457 1285; x_wconf 90' lang='lat' dir='ltr'>et</span> <span class='ocrx_word' id='word_1_103' title='bbox 1487 1259 1593 1294; x_wconf 83' lang='lat' dir='ltr'>auro,</span> 
     </span>
     <span class='ocr_line' id='line_1_19' title="bbox 569 1312 1552 1363; baseline 0 -11"><span class='ocrx_word' id='word_1_104' title='bbox 569 1315 679 1363; x_wconf 89' lang='lat' dir='ltr'>Quid</span> <span class='ocrx_word' id='word_1_105' title='bbox 708 1327 799 1352; x_wconf 87' lang='lat' dir='ltr'>cum</span> <span class='ocrx_word' id='word_1_106' title='bbox 829 1326 935 1352; x_wconf 91' lang='lat' dir='ltr'>mors</span> <span class='ocrx_word' id='word_1_107' title='bbox 965 1314 1097 1352; x_wconf 90' lang='lat' dir='ltr'>veniat</span> <span class='ocrx_word' id='word_1_108' title='bbox 1125 1314 1248 1363; x_wconf 89' lang='lat' dir='ltr'>gloria</span> <span class='ocrx_word' id='word_1_109' title='bbox 1276 1326 1379 1351; x_wconf 86' lang='lat' dir='ltr'>vana</span> <span class='ocrx_word' id='word_1_110' title='bbox 1408 1312 1552 1352; x_wconf 85' lang='lat' dir='ltr'>dabit?</span> 
     </span>
     <span class='ocr_line' id='line_1_20' title="bbox 569 1380 1604 1430; baseline -0.001 -11"><span class='ocrx_word' id='word_1_111' title='bbox 569 1381 679 1430; x_wconf 87' lang='lat' dir='ltr'>Quid</span> <span class='ocrx_word' id='word_1_112' title='bbox 709 1381 832 1418; x_wconf 91' lang='lat' dir='ltr'>victor</span> <span class='ocrx_word' id='word_1_113' title='bbox 860 1380 1039 1430; x_wconf 85' lang='lat' dir='ltr'>gaudes?</span> <span class='ocrx_word' id='word_1_114' title='bbox 1077 1380 1152 1418; x_wconf 91' lang='lat' dir='ltr'>hec</span> <span class='ocrx_word' id='word_1_115' title='bbox 1181 1387 1220 1418; x_wconf 93' lang='lat' dir='ltr'>te</span> <span class='ocrx_word' id='word_1_116' title='bbox 1249 1380 1412 1418; x_wconf 88' lang='lat' dir='ltr'>victoria</span> <span class='ocrx_word' id='word_1_117' title='bbox 1441 1380 1604 1429; x_wconf 87' lang='lat' dir='ltr'>linquet,</span> 
     </span>
     <span class='ocr_line' id='line_1_21' title="bbox 571 1445 1477 1495; baseline -0.001 -11"><span class='ocrx_word' id='word_1_118' title='bbox 571 1447 628 1485; x_wconf 89' lang='lat' dir='ltr'>Sit</span> <span class='ocrx_word' id='word_1_119' title='bbox 658 1446 729 1484; x_wconf 87' lang='lat' dir='ltr'>nisi</span> <span class='ocrx_word' id='word_1_120' title='bbox 761 1446 871 1495; x_wconf 90' lang='lat' dir='ltr'>quod</span> <span class='ocrx_word' id='word_1_121' title='bbox 900 1445 989 1484; x_wconf 90' lang='lat' dir='ltr'>vicii</span> <span class='ocrx_word' id='word_1_122' title='bbox 1020 1446 1177 1483; x_wconf 88' lang='lat' dir='ltr'>vincere</span> <span class='ocrx_word' id='word_1_123' title='bbox 1207 1445 1312 1483; x_wconf 84' lang='lat' dir='ltr'>bella</span> <span class='ocrx_word' id='word_1_124' title='bbox 1341 1453 1477 1495; x_wconf 82' lang='lat' dir='ltr'>queas.</span> 
     </span>
    </p>

    <p class='ocr_par' dir='ltr' id='par_1_14' title="bbox 571 1510 1649 2018">
     <span class='ocr_line' id='line_1_22' title="bbox 571 1510 1526 1560; baseline -0.002 -11"><span class='ocrx_word' id='word_1_125' title='bbox 571 1512 681 1560; x_wconf 83' lang='lat' dir='ltr'>Quid</span> <span class='ocrx_word' id='word_1_126' title='bbox 711 1510 782 1549; x_wconf 92' lang='lat' dir='ltr'>tibi</span> <span class='ocrx_word' id='word_1_127' title='bbox 812 1511 913 1549; x_wconf 88' lang='lat' dir='ltr'>liuor</span> <span class='ocrx_word' id='word_1_128' title='bbox 941 1516 1039 1560; x_wconf 81' lang='lat' dir='ltr'>aget,</span> <span class='ocrx_word' id='word_1_129' title='bbox 1071 1511 1218 1548; x_wconf 89' lang='lat' dir='ltr'>vrentis</span> <span class='ocrx_word' id='word_1_130' title='bbox 1248 1510 1350 1547; x_wconf 87' lang='lat' dir='ltr'>filius</span> <span class='ocrx_word' id='word_1_131' title='bbox 1382 1510 1526 1557; x_wconf 87' lang='lat' dir='ltr'>Ethne‚</span> 
     </span>
     <span class='ocr_line' id='line_1_23' title="bbox 572 1575 1584 1625; baseline -0.001 -10"><span class='ocrx_word' id='word_1_132' title='bbox 572 1577 676 1616; x_wconf 89' lang='lat' dir='ltr'>Cum</span> <span class='ocrx_word' id='word_1_133' title='bbox 706 1589 811 1614; x_wconf 88' lang='lat' dir='ltr'>mors</span> <span class='ocrx_word' id='word_1_134' title='bbox 841 1589 909 1614; x_wconf 87' lang='lat' dir='ltr'>cor</span> <span class='ocrx_word' id='word_1_135' title='bbox 937 1588 1015 1625; x_wconf 88' lang='lat' dir='ltr'>que</span> <span class='ocrx_word' id='word_1_136' title='bbox 1044 1575 1152 1613; x_wconf 89' lang='lat' dir='ltr'>labra</span> <span class='ocrx_word' id='word_1_137' title='bbox 1182 1575 1342 1613; x_wconf 89' lang='lat' dir='ltr'>soluerit</span> <span class='ocrx_word' id='word_1_138' title='bbox 1372 1575 1456 1624; x_wconf 85' lang='lat' dir='ltr'>ipsa</span> <span class='ocrx_word' id='word_1_139' title='bbox 1484 1576 1584 1614; x_wconf 90' lang='lat' dir='ltr'>tua?</span> 
     </span>
     <span class='ocr_line' id='line_1_24' title="bbox 574 1642 1567 1691; baseline -0.003 -10"><span class='ocrx_word' id='word_1_140' title='bbox 574 1643 684 1691; x_wconf 92' lang='lat' dir='ltr'>Quid</span> <span class='ocrx_word' id='word_1_141' title='bbox 713 1642 785 1681; x_wconf 89' lang='lat' dir='ltr'>tibi</span> <span class='ocrx_word' id='word_1_142' title='bbox 815 1643 899 1680; x_wconf 89' lang='lat' dir='ltr'>siue</span> <span class='ocrx_word' id='word_1_143' title='bbox 928 1642 1033 1680; x_wconf 90' lang='lat' dir='ltr'>furor</span> <span class='ocrx_word' id='word_1_144' title='bbox 1061 1648 1128 1679; x_wconf 89' lang='lat' dir='ltr'>aut</span> <span class='ocrx_word' id='word_1_145' title='bbox 1158 1642 1212 1678; x_wconf 92' lang='lat' dir='ltr'>ira</span> <span class='ocrx_word' id='word_1_146' title='bbox 1241 1642 1369 1679; x_wconf 90' lang='lat' dir='ltr'>valere</span> <span class='ocrx_word' id='word_1_147' title='bbox 1398 1647 1567 1690; x_wconf 88' lang='lat' dir='ltr'>putatur,</span> 
     </span>
     <span class='ocr_line' id='line_1_25' title="bbox 573 1706 1540 1758; baseline -0.004 -11"><span class='ocrx_word' id='word_1_148' title='bbox 573 1709 758 1758; x_wconf 83' lang='lat' dir='ltr'>Cumque</span> <span class='ocrx_word' id='word_1_149' title='bbox 786 1708 917 1746; x_wconf 90' lang='lat' dir='ltr'>furore</span> <span class='ocrx_word' id='word_1_150' title='bbox 946 1708 1038 1745; x_wconf 91' lang='lat' dir='ltr'>mali</span> <span class='ocrx_word' id='word_1_151' title='bbox 1068 1720 1174 1744; x_wconf 89' lang='lat' dir='ltr'>mors</span> <span class='ocrx_word' id='word_1_152' title='bbox 1205 1707 1297 1744; x_wconf 91' lang='lat' dir='ltr'>furit</span> <span class='ocrx_word' id='word_1_153' title='bbox 1325 1707 1410 1756; x_wconf 87' lang='lat' dir='ltr'>ipsa</span> <span class='ocrx_word' id='word_1_154' title='bbox 1439 1706 1540 1744; x_wconf 89' lang='lat' dir='ltr'>tibi?</span> 
     </span>
     <span class='ocr_line' id='line_1_26' title="bbox 573 1771 1576 1823; baseline -0.003 -11"><span class='ocrx_word' id='word_1_155' title='bbox 573 1775 774 1823; x_wconf 85' lang='lat' dir='ltr'>Tempora</span> <span class='ocrx_word' id='word_1_156' title='bbox 803 1774 887 1812; x_wconf 89' lang='lat' dir='ltr'>siue</span> <span class='ocrx_word' id='word_1_157' title='bbox 916 1780 983 1811; x_wconf 88' lang='lat' dir='ltr'>tua</span> <span class='ocrx_word' id='word_1_158' title='bbox 1012 1772 1084 1811; x_wconf 92' lang='lat' dir='ltr'>tibi</span> <span class='ocrx_word' id='word_1_159' title='bbox 1114 1772 1211 1821; x_wconf 89' lang='lat' dir='ltr'>quid</span> <span class='ocrx_word' id='word_1_160' title='bbox 1241 1772 1337 1810; x_wconf 91' lang='lat' dir='ltr'>dant</span> <span class='ocrx_word' id='word_1_161' title='bbox 1366 1771 1576 1819; x_wconf 82' lang='lat' dir='ltr'>accidiosa‚</span> 
     </span>
     <span class='ocr_line' id='line_1_27' title="bbox 574 1837 1649 1888; baseline -0.004 -10"><span class='ocrx_word' id='word_1_162' title='bbox 574 1840 677 1879; x_wconf 90' lang='lat' dir='ltr'>Cum</span> <span class='ocrx_word' id='word_1_163' title='bbox 708 1851 814 1877; x_wconf 90' lang='lat' dir='ltr'>mors</span> <span class='ocrx_word' id='word_1_164' title='bbox 843 1839 892 1877; x_wconf 87' lang='lat' dir='ltr'>sit</span> <span class='ocrx_word' id='word_1_165' title='bbox 920 1845 1098 1888; x_wconf 85' lang='lat' dir='ltr'>perstans</span> <span class='ocrx_word' id='word_1_166' title='bbox 1127 1837 1280 1888; x_wconf 87' lang='lat' dir='ltr'>absque</span> <span class='ocrx_word' id='word_1_167' title='bbox 1309 1837 1441 1886; x_wconf 88' lang='lat' dir='ltr'>quiete</span> <span class='ocrx_word' id='word_1_168' title='bbox 1470 1837 1649 1875; x_wconf 87' lang='lat' dir='ltr'>nocens?</span> 
     </span>
     <span class='ocr_line' id='line_1_28' title="bbox 575 1902 1556 1954; baseline -0.003 -12"><span class='ocrx_word' id='word_1_169' title='bbox 575 1905 684 1954; x_wconf 91' lang='lat' dir='ltr'>Quid</span> <span class='ocrx_word' id='word_1_170' title='bbox 714 1904 785 1943; x_wconf 88' lang='lat' dir='ltr'>tibi</span> <span class='ocrx_word' id='word_1_171' title='bbox 816 1904 956 1943; x_wconf 82' lang='lat' dir='ltr'>delicie</span> <span class='ocrx_word' id='word_1_172' title='bbox 986 1910 1172 1953; x_wconf 90' lang='lat' dir='ltr'>poterunt</span> <span class='ocrx_word' id='word_1_173' title='bbox 1202 1903 1380 1941; x_wconf 88' lang='lat' dir='ltr'>conferre</span> <span class='ocrx_word' id='word_1_174' title='bbox 1408 1902 1556 1951; x_wconf 85' lang='lat' dir='ltr'>gulose,</span> 
     </span>
     <span class='ocr_line' id='line_1_29' title="bbox 574 1968 1515 2018; baseline -0.004 -9"><span class='ocrx_word' id='word_1_175' title='bbox 574 1970 677 2009; x_wconf 90' lang='lat' dir='ltr'>Cum</span> <span class='ocrx_word' id='word_1_176' title='bbox 708 1982 862 2008; x_wconf 90' lang='lat' dir='ltr'>morsus</span> <span class='ocrx_word' id='word_1_177' title='bbox 891 1970 1027 2007; x_wconf 91' lang='lat' dir='ltr'>mortis</span> <span class='ocrx_word' id='word_1_178' title='bbox 1056 1969 1136 2007; x_wconf 90' lang='lat' dir='ltr'>fine</span> <span class='ocrx_word' id='word_1_179' title='bbox 1165 1968 1378 2018; x_wconf 87' lang='lat' dir='ltr'>perhennis</span> <span class='ocrx_word' id='word_1_180' title='bbox 1408 1968 1515 2006; x_wconf 84' lang='lat' dir='ltr'>eris?</span> 
     </span>
    </p>

    <p class='ocr_par' dir='ltr' id='par_1_15' title="bbox 574 2030 1719 2278">
     <span class='ocr_line' id='line_1_30' title="bbox 575 2030 1719 2084; baseline -0.003 -11"><span class='ocrx_word' id='word_1_181' title='bbox 575 2035 684 2083; x_wconf 86' lang='lat' dir='ltr'>Quid</span> <span class='ocrx_word' id='word_1_182' title='bbox 712 2047 761 2073; x_wconf 90' lang='lat' dir='ltr'>ve</span> <span class='ocrx_word' id='word_1_183' title='bbox 790 2041 903 2084; x_wconf 89' lang='lat' dir='ltr'>putas</span> <span class='ocrx_word' id='word_1_184' title='bbox 933 2035 1071 2072; x_wconf 91' lang='lat' dir='ltr'>Venus</span> <span class='ocrx_word' id='word_1_185' title='bbox 1100 2034 1185 2083; x_wconf 90' lang='lat' dir='ltr'>ipsa</span> <span class='ocrx_word' id='word_1_186' title='bbox 1214 2032 1324 2071; x_wconf 86' lang='lat' dir='ltr'>dabit</span> <span class='ocrx_word' id='word_1_187' title='bbox 1353 2032 1424 2070; x_wconf 91' lang='lat' dir='ltr'>tibi</span> <span class='ocrx_word' id='word_1_188' title='bbox 1455 2032 1534 2069; x_wconf 85' lang='lat' dir='ltr'>fine</span> <span class='ocrx_word' id='word_1_189' title='bbox 1562 2030 1719 2079; x_wconf 86' lang='lat' dir='ltr'>laboris,</span> 
     </span>
     <span class='ocr_line' id='line_1_31' title="bbox 576 2098 1530 2139; baseline -0.004 0"><span class='ocrx_word' id='word_1_190' title='bbox 576 2099 681 2139; x_wconf 93' lang='lat' dir='ltr'>Cum</span> <span class='ocrx_word' id='word_1_191' title='bbox 710 2101 817 2138; x_wconf 90' lang='lat' dir='ltr'>calor</span> <span class='ocrx_word' id='word_1_192' title='bbox 845 2100 886 2137; x_wconf 92' lang='lat' dir='ltr'>in</span> <span class='ocrx_word' id='word_1_193' title='bbox 915 2099 1103 2138; x_wconf 87' lang='lat' dir='ltr'>membris</span> <span class='ocrx_word' id='word_1_194' title='bbox 1133 2098 1278 2137; x_wconf 85' lang='lat' dir='ltr'>desinit</span> <span class='ocrx_word' id='word_1_195' title='bbox 1307 2110 1393 2136; x_wconf 89' lang='lat' dir='ltr'>esse</span> <span class='ocrx_word' id='word_1_196' title='bbox 1420 2098 1530 2136; x_wconf 89' lang='lat' dir='ltr'>tuis?</span> 
     </span>
     <span class='ocr_line' id='line_1_32' title="bbox 574 2163 1684 2214; baseline -0.003 -11"><span class='ocrx_word' id='word_1_197' title='bbox 574 2167 706 2203; x_wconf 88' lang='lat' dir='ltr'>Aurea</span> <span class='ocrx_word' id='word_1_198' title='bbox 735 2165 831 2214; x_wconf 89' lang='lat' dir='ltr'>quid</span> <span class='ocrx_word' id='word_1_199' title='bbox 860 2165 1021 2214; x_wconf 90' lang='lat' dir='ltr'>prodest</span> <span class='ocrx_word' id='word_1_200' title='bbox 1050 2164 1132 2210; x_wconf 90' lang='lat' dir='ltr'>tibi,</span> <span class='ocrx_word' id='word_1_201' title='bbox 1165 2164 1288 2210; x_wconf 87' lang='lat' dir='ltr'>diues,</span> <span class='ocrx_word' id='word_1_202' title='bbox 1320 2175 1467 2212; x_wconf 86' lang='lat' dir='ltr'>pompa</span> <span class='ocrx_word' id='word_1_203' title='bbox 1496 2163 1684 2201; x_wconf 89' lang='lat' dir='ltr'>monete?</span> 
     </span>
     <span class='ocr_line' id='line_1_33' title="bbox 574 2229 1505 2278; baseline -0.002 -10"><span class='ocrx_word' id='word_1_204' title='bbox 574 2231 746 2268; x_wconf 89' lang='lat' dir='ltr'>Vltimus</span> <span class='ocrx_word' id='word_1_205' title='bbox 776 2231 816 2267; x_wconf 89' lang='lat' dir='ltr'>in</span> <span class='ocrx_word' id='word_1_206' title='bbox 845 2237 987 2268; x_wconf 87' lang='lat' dir='ltr'>terram</span> <span class='ocrx_word' id='word_1_207' title='bbox 1018 2229 1107 2266; x_wconf 89' lang='lat' dir='ltr'>finis</span> <span class='ocrx_word' id='word_1_208' title='bbox 1136 2236 1345 2278; x_wconf 83' lang='lat' dir='ltr'>Vtrumque</span> <span class='ocrx_word' id='word_1_209' title='bbox 1373 2234 1505 2266; x_wconf 85' lang='lat' dir='ltr'>vorat:</span> 
     </span>
    </p>

    <p class='ocr_par' dir='ltr' id='par_1_16' title="bbox 577 2293 1574 2410">
     <span class='ocr_line' id='line_1_34' title="bbox 577 2293 1574 2345; baseline -0.005 -11"><span class='ocrx_word' id='word_1_210' title='bbox 577 2297 669 2345; x_wconf 91' lang='lat' dir='ltr'>Que</span> <span class='ocrx_word' id='word_1_211' title='bbox 697 2296 769 2334; x_wconf 90' lang='lat' dir='ltr'>tibi</span> <span class='ocrx_word' id='word_1_212' title='bbox 798 2295 988 2333; x_wconf 87' lang='lat' dir='ltr'>sollicitus</span> <span class='ocrx_word' id='word_1_213' title='bbox 1017 2294 1210 2343; x_wconf 84' lang='lat' dir='ltr'>longeuus</span> <span class='ocrx_word' id='word_1_214' title='bbox 1239 2293 1406 2331; x_wconf 87' lang='lat' dir='ltr'>contulit</span> <span class='ocrx_word' id='word_1_215' title='bbox 1434 2304 1574 2337; x_wconf 91' lang='lat' dir='ltr'>annus,</span> 
     </span>
     <span class='ocr_line' id='line_1_35' title="bbox 578 2357 1520 2410; baseline -0.005 -10"><span class='ocrx_word' id='word_1_216' title='bbox 578 2362 733 2401; x_wconf 86' lang='lat' dir='ltr'>Cuncta</span> <span class='ocrx_word' id='word_1_217' title='bbox 763 2361 879 2399; x_wconf 89' lang='lat' dir='ltr'>simul</span> <span class='ocrx_word' id='word_1_218' title='bbox 909 2360 1032 2410; x_wconf 88' lang='lat' dir='ltr'>rapiet</span> <span class='ocrx_word' id='word_1_219' title='bbox 1061 2360 1157 2397; x_wconf 91' lang='lat' dir='ltr'>hora</span> <span class='ocrx_word' id='word_1_220' title='bbox 1186 2365 1349 2408; x_wconf 89' lang='lat' dir='ltr'>repente</span> <span class='ocrx_word' id='word_1_221' title='bbox 1379 2357 1520 2396; x_wconf 90' lang='lat' dir='ltr'>breuis.</span> 
     </span>
    </p>

    <p class='ocr_par' dir='ltr' id='par_1_17' title="bbox 579 2423 1663 2539">
     <span class='ocr_line' id='line_1_36' title="bbox 579 2423 1663 2476; baseline -0.004 -11"><span class='ocrx_word' id='word_1_222' title='bbox 579 2427 689 2476; x_wconf 92' lang='lat' dir='ltr'>Quid</span> <span class='ocrx_word' id='word_1_223' title='bbox 719 2438 828 2475; x_wconf 86' lang='lat' dir='ltr'>reges</span> <span class='ocrx_word' id='word_1_224' title='bbox 857 2425 993 2472; x_wconf 88' lang='lat' dir='ltr'>vincis,</span> <span class='ocrx_word' id='word_1_225' title='bbox 1025 2424 1121 2474; x_wconf 88' lang='lat' dir='ltr'>quid</span> <span class='ocrx_word' id='word_1_226' title='bbox 1151 2423 1289 2462; x_wconf 89' lang='lat' dir='ltr'>subdis</span> <span class='ocrx_word' id='word_1_227' title='bbox 1318 2435 1448 2472; x_wconf 85' lang='lat' dir='ltr'>regna,</span> <span class='ocrx_word' id='word_1_228' title='bbox 1479 2423 1663 2461; x_wconf 87' lang='lat' dir='ltr'>tiranne?</span> 
     </span>
     <span class='ocr_line' id='line_1_37' title="bbox 580 2488 1468 2539; baseline -0.005 -8"><span class='ocrx_word' id='word_1_229' title='bbox 580 2493 652 2531; x_wconf 91' lang='lat' dir='ltr'>Est</span> <span class='ocrx_word' id='word_1_230' title='bbox 680 2492 779 2530; x_wconf 91' lang='lat' dir='ltr'>deus</span> <span class='ocrx_word' id='word_1_231' title='bbox 808 2491 987 2537; x_wconf 89' lang='lat' dir='ltr'>invictus,</span> <span class='ocrx_word' id='word_1_232' title='bbox 1019 2490 1086 2539; x_wconf 90' lang='lat' dir='ltr'>qui</span> <span class='ocrx_word' id='word_1_233' title='bbox 1116 2488 1186 2527; x_wconf 88' lang='lat' dir='ltr'>tibi</span> <span class='ocrx_word' id='word_1_234' title='bbox 1216 2489 1319 2527; x_wconf 89' lang='lat' dir='ltr'>bella</span> <span class='ocrx_word' id='word_1_235' title='bbox 1348 2495 1468 2538; x_wconf 88' lang='lat' dir='ltr'>parat.</span> 
     </span>
    </p>
   </div>
   <div class='ocr_carea' id='block_1_12' title="bbox 1871 1582 1937 1623">
    <p class='ocr_par' dir='ltr' id='par_1_18' title="bbox 1871 1582 1937 1623">
     <span class='ocr_line' id='line_1_38' title="bbox 1871 1582 1937 1623; baseline 0 -11"><span class='ocrx_word' id='word_1_236' title='bbox 1871 1582 1937 1623; x_wconf 85' lang='lat'>870</span> 
     </span>
    </p>
   </div>
   <div class='ocr_carea' id='block_1_13' title="bbox 1874 2235 1939 2266">
    <p class='ocr_par' dir='ltr' id='par_1_19' title="bbox 1874 2235 1939 2266">
     <span class='ocr_line' id='line_1_39' title="bbox 1874 2235 1939 2266; baseline -0.015 0"><span class='ocrx_word' id='word_1_237' title='bbox 1874 2235 1939 2266; x_wconf 78' lang='lat'>880</span> 
     </span>
    </p>
   </div>
   <div class='ocr_carea' id='block_1_14' title="bbox 580 2554 1893 2606">
    <p class='ocr_par' dir='ltr' id='par_1_20' title="bbox 580 2554 1893 2606">
     <span class='ocr_line' id='line_1_40' title="bbox 580 2554 1893 2606; baseline -0.003 -11"><span class='ocrx_word' id='word_1_238' title='bbox 580 2557 691 2606; x_wconf 91' lang='lat' dir='ltr'>Quid</span> <span class='ocrx_word' id='word_1_239' title='bbox 719 2557 791 2595; x_wconf 91' lang='lat' dir='ltr'>tibi</span> <span class='ocrx_word' id='word_1_240' title='bbox 820 2557 924 2594; x_wconf 88' lang='lat' dir='ltr'>fama</span> <span class='ocrx_word' id='word_1_241' title='bbox 953 2556 1100 2601; x_wconf 89' lang='lat' dir='ltr'>volans,</span> <span class='ocrx_word' id='word_1_242' title='bbox 1130 2555 1268 2601; x_wconf 90' lang='lat' dir='ltr'>honor,</span> <span class='ocrx_word' id='word_1_243' title='bbox 1300 2561 1367 2592; x_wconf 87' lang='lat' dir='ltr'>aut</span> <span class='ocrx_word' id='word_1_244' title='bbox 1397 2555 1494 2604; x_wconf 91' lang='lat' dir='ltr'>quid</span> <span class='ocrx_word' id='word_1_245' title='bbox 1523 2560 1706 2604; x_wconf 90' lang='lat' dir='ltr'>comptus</span> <span class='ocrx_word' id='word_1_246' title='bbox 1736 2554 1893 2592; x_wconf 87' lang='lat' dir='ltr'>inanis?</span> 
     </span>
    </p>
   </div>
   <div class='ocr_carea' id='block_1_15' title="bbox 580 2621 1665 2933">
    <p class='ocr_par' dir='ltr' id='par_1_21' title="bbox 580 2621 1449 2671">
     <span class='ocr_line' id='line_1_41' title="bbox 580 2621 1449 2671; baseline -0.005 -10"><span class='ocrx_word' id='word_1_247' title='bbox 580 2623 723 2662; x_wconf 89' lang='lat' dir='ltr'>Omnis</span> <span class='ocrx_word' id='word_1_248' title='bbox 753 2623 859 2661; x_wconf 90' lang='lat' dir='ltr'>enim</span> <span class='ocrx_word' id='word_1_249' title='bbox 889 2622 1028 2660; x_wconf 90' lang='lat' dir='ltr'>mundi</span> <span class='ocrx_word' id='word_1_250' title='bbox 1059 2621 1181 2671; x_wconf 84' lang='lat' dir='ltr'>gloria</span> <span class='ocrx_word' id='word_1_251' title='bbox 1209 2632 1310 2658; x_wconf 88' lang='lat' dir='ltr'>vana</span> <span class='ocrx_word' id='word_1_252' title='bbox 1339 2621 1449 2669; x_wconf 87' lang='lat' dir='ltr'>perit.</span> 
     </span>
    </p>

    <p class='ocr_par' dir='ltr' id='par_1_22' title="bbox 581 2685 1665 2933">
     <span class='ocr_line' id='line_1_42' title="bbox 635 2685 1595 2736; baseline -0.003 -11"><span class='ocrx_word' id='word_1_253' title='bbox 635 2688 815 2736; x_wconf 86' lang='lat' dir='ltr'>Occupat</span> <span class='ocrx_word' id='word_1_254' title='bbox 845 2694 1018 2726; x_wconf 87' lang='lat' dir='ltr'>extrema</span> <span class='ocrx_word' id='word_1_255' title='bbox 1046 2687 1253 2725; x_wconf 87' lang='lat' dir='ltr'>stultorum</span> <span class='ocrx_word' id='word_1_256' title='bbox 1282 2685 1426 2735; x_wconf 81' lang='lat' dir='ltr'>gaudia</span> <span class='ocrx_word' id='word_1_257' title='bbox 1454 2686 1595 2733; x_wconf 89' lang='lat' dir='ltr'>luctus,</span> 
     </span>
     <span class='ocr_line' id='line_1_43' title="bbox 581 2751 1452 2802; baseline -0.002 -11"><span class='ocrx_word' id='word_1_258' title='bbox 581 2754 632 2791; x_wconf 90' lang='lat' dir='ltr'>Et</span> <span class='ocrx_word' id='word_1_259' title='bbox 660 2754 781 2791; x_wconf 90' lang='lat' dir='ltr'>risum</span> <span class='ocrx_word' id='word_1_260' title='bbox 810 2753 970 2790; x_wconf 85' lang='lat' dir='ltr'>lacrima</span> <span class='ocrx_word' id='word_1_261' title='bbox 998 2751 1279 2802; x_wconf 75' lang='lat' dir='ltr'>plena&#39;dolore</span> <span class='ocrx_word' id='word_1_262' title='bbox 1308 2751 1452 2789; x_wconf 90' lang='lat' dir='ltr'>madet.</span> 
     </span>
     <span class='ocr_line' id='line_1_44' title="bbox 581 2817 1665 2868; baseline -0.001 -11"><span class='ocrx_word' id='word_1_263' title='bbox 581 2819 767 2867; x_wconf 87' lang='lat' dir='ltr'>Corporis</span> <span class='ocrx_word' id='word_1_264' title='bbox 797 2819 836 2856; x_wconf 93' lang='lat' dir='ltr'>in</span> <span class='ocrx_word' id='word_1_265' title='bbox 866 2819 1000 2866; x_wconf 86' lang='lat' dir='ltr'>forma,</span> <span class='ocrx_word' id='word_1_266' title='bbox 1033 2818 1129 2868; x_wconf 86' lang='lat' dir='ltr'>quid</span> <span class='ocrx_word' id='word_1_267' title='bbox 1157 2818 1219 2855; x_wconf 92' lang='lat' dir='ltr'>vel</span> <span class='ocrx_word' id='word_1_268' title='bbox 1247 2817 1298 2855; x_wconf 91' lang='lat' dir='ltr'>de</span> <span class='ocrx_word' id='word_1_269' title='bbox 1328 2818 1446 2867; x_wconf 90' lang='lat' dir='ltr'>stirpe</span> <span class='ocrx_word' id='word_1_270' title='bbox 1476 2817 1665 2866; x_wconf 88' lang='lat' dir='ltr'>superbis,</span> 
     </span>
     <span class='ocr_line' id='line_1_45' title="bbox 583 2882 1547 2933; baseline -0.001 -11"><span class='ocrx_word' id='word_1_271' title='bbox 583 2885 663 2933; x_wconf 90' lang='lat' dir='ltr'>Qui</span> <span class='ocrx_word' id='word_1_272' title='bbox 691 2885 789 2923; x_wconf 89' lang='lat' dir='ltr'>cinis</span> <span class='ocrx_word' id='word_1_273' title='bbox 820 2885 860 2922; x_wconf 92' lang='lat' dir='ltr'>in</span> <span class='ocrx_word' id='word_1_274' title='bbox 889 2885 1040 2923; x_wconf 91' lang='lat' dir='ltr'>cineres</span> <span class='ocrx_word' id='word_1_275' title='bbox 1069 2882 1266 2922; x_wconf 89' lang='lat' dir='ltr'>vermibus</span> <span class='ocrx_word' id='word_1_276' title='bbox 1296 2895 1385 2922; x_wconf 90' lang='lat' dir='ltr'>esca</span> <span class='ocrx_word' id='word_1_277' title='bbox 1414 2883 1547 2922; x_wconf 88' lang='lat' dir='ltr'>redis?</span> 
     </span>
    </p>
   </div>
   <div class='ocr_carea' id='block_1_16' title="bbox 1875 2887 1941 2930">
    <p class='ocr_par' dir='ltr' id='par_1_23' title="bbox 1875 2887 1941 2930">
     <span class='ocr_line' id='line_1_46' title="bbox 1875 2887 1941 2930; baseline 0 -12"><span class='ocrx_word' id='word_1_278' title='bbox 1875 2887 1941 2930; x_wconf 86' lang='lat'>890</span> 
     </span>
    </p>
   </div>
  </div>
 </body>
</html>
