2121 3173
433 222 513 262 334

142 777 297 817 Qualiter
327 778 370 808 ad
405 776 511 807 serui-

99 822 186 853 cium
238 821 362 852 nobilis
416 820 512 851 ducis

97 866 195 905 quasi
227 866 386 896 vniuersa
421 869 513 894 terra

97 914 273 949 gratanter
287 920 331 940 se¹
342 908 473 949 optulit.

142 1045 299 1085 Qualiter
311 1055 373 1076 rex
393 1043 511 1076 Ricar-

99 1090 160 1120 dus
180 1095 335 1129 tempore
358 1099 427 1128 quo
450 1099 510 1119 no-

97 1134 173 1164 bilis
186 1134 254 1164 dux
272 1133 444 1164 Henricus
455 1142 511 1172 ap-

97 1177 227 1217 plicuit,
238 1177 273 1208 in
281 1177 434 1216 partibus
449 1176 511 1207 Hi-

98 1221 216 1253 bernie
233 1220 370 1251 invtiles
383 1220 458 1251 dies
467 1220 510 1250 ad

99 1266 150 1295 sui
159 1265 394 1295 confusionem
405 1263 511 1295 infor-

99 1314 218 1340 tunate
234 1307 455 1348 consumpsit.

142 1565 298 1604 Qualiter
308 1566 400 1605 apud
415 1565 510 1597 Bris-

96 1609 224 1640 tolliam
255 1610 344 1649 capti
376 1615 411 1640 et
450 1611 509 1640 de-

97 1653 235 1693 capitati
266 1653 405 1684 fuerunt
437 1658 508 1684 tres

97 1698 260 1737 precipue
307 1698 396 1736 regis
436 1697 507 1728 fau—

96 1747 201 1780 tores,
236 1741 293 1780 qui
322 1740 356 1771 in
387 1741 508 1772 mortis

97 1784 241 1815 articulo
289 1785 369 1816 dicti
415 1786 508 1824 regis

97 1828 315 1859 condiciones
399 1829 509 1859 multi-

97 1872 232 1911 pliciter
267 1877 480 1904 accusarunt.

141 2719 295 2759 Qualiter
339 2718 509 2750 Ricardus

97 2774 158 2793 rex
187 2764 229 2793 de
261 2763 414 2802 partibus
447 2763 509 2793 Hi-

98 2807 215 2837 bernie
246 2807 383 2837 rediens
414 2806 509 2838 Wal-

97 2850 141 2881 lie
159 2851 273 2882 littora
289 2851 390 2890 cepit.

573 2883 633 2912 172
656 2873 765 2913 Scrop
783 2873 875 2905 SCH
923 2874 1038 2914 Buscy
1055 2874 1084 2905 G

922 210 1206 252 CRONICA
1235 209 1622 250 TRIPERTITA

642 318 734 356 Dux
762 316 868 368 prius
898 330 1074 367 egressus
1103 315 1278 366 disponit
1306 317 1431 354 humo
1460 314 1535 354 sibi
1562 328 1727 365 gressus,

642 382 826 420 Primitus
855 390 987 420 exorat
1017 394 1095 431 que
1124 382 1244 420 deum
1273 382 1502 431 genuflexus
1530 381 1668 419 adorat

640 447 754 486 Votis
784 447 934 485 sincere
963 445 1118 494 mentis,
1150 447 1260 496 quod
1289 446 1413 497 possit
1441 446 1587 484 habere

640 512 810 551 Victoris
838 513 1001 563 palmas,
1033 511 1209 551 extendit
1237 513 1289 551 ad
1319 513 1453 551 ethera
1480 513 1658 562 palmas;

638 579 772 627 thue
801 579 928 616 scelus
957 591 1094 628 guerre
1123 584 1290 628 superet,
1322 577 1432 616 dedit
1461 578 1596 615 oscula
1625 584 1735 624 terre,

639 644 834 692 Pluraque
863 644 1010 682 deuota
1038 644 1118 681 dux
1145 642 1237 681 fecit
1266 642 1321 681 ibi
1349 642 1414 693 pia
1442 650 1544 681 vota.

639 710 703 747 De
731 721 848 758 prece
877 707 1050 755 surrexit,
1082 709 1359 758 surgendoque
1389 722 1430 747 se
1459 721 1575 746 cruce
1604 706 1710 755 texit,

639 775 691 812 Et
719 781 815 812 tunc
844 787 964 824 quam
993 775 1090 812 letas
1119 773 1266 824 incepit
1294 773 1403 812 adire
1432 773 1581 812 dietas:

638 839 769 877 Patria
787 853 879 878 curn
909 838 1024 878 sciret
1053 840 1163 889 quod
1191 841 1323 877 saluus
1352 841 1433 878 dux
1460 838 1665 886 reueniret,

639 905 766 943 Totus
796 903 832 943 ei
861 905 1035 943 mundus
1065 903 1233 942 occurrit
1261 903 1408 954 vbique
1436 903 1643 943 iocundus.

691 971 808 1008 Tunc
837 983 903 1007 rex
933 968 1127 1008 Ricardus
1156 970 1268 1019 lepus
1298 977 1356 1007 est
1385 976 1424 1008 et
1452 982 1535 1007 non
1563 969 1773 1019 leopardus
1789 982 1800 1017 3

639 1036 771 1085 Quem
800 1035 918 1073 timor
945 1034 1131 1081 astrinxit,
1163 1034 1257 1073 alibi
1286 1048 1357 1073 sua
1385 1034 1527 1073 robora
1554 1033 1689 1072 finxit:

637 1100 720 1139 Hic
749 1100 861 1139 ducis
890 1101 1109 1139 aduentum
1139 1099 1325 1150 presciuit
1352 1100 1404 1138 ab
1433 1113 1500 1139 ore
1529 1099 1736 1147 scientum,

638 1167 732 1215 Quo
762 1167 865 1204 celer
893 1165 1014 1204 exiuit
1043 1173 1081 1204 et
1112 1164 1332 1204 Hibernica
1360 1178 1480 1215 regna
1508 1164 1659 1215 petiuit.

637 1232 740 1281 Sepe
769 1230 888 1270 silens
917 1230 1077 1282 plangit,
1109 1244 1230 1281 quem
1259 1238 1354 1269 tunc
1383 1230 1568 1270 vecordia
1596 1230 1731 1281 tangit,

639 1298 699 1334 Ex
728 1310 808 1347 quo
839 1296 1031 1347 singultus
1060 1297 1191 1347 plures
1221 1309 1286 1334 rex
1316 1296 1421 1347 cepit
1448 1298 1618 1335 adultus.

640 1361 704 1400 Sic
733 1361 833 1400 redit
862 1362 1027 1401 absente
1057 1363 1137 1400 dux
1166 1369 1300 1401 noster
1328 1376 1418 1412 rege
1447 1361 1622 1409 timente,

639 1428 726 1466 Nec
755 1427 852 1477 quid
880 1427 1081 1478 presumit,
1114 1441 1184 1465 sua
1212 1427 1369 1478 propria
1397 1428 1574 1477 dumque
1603 1425 1775 1465 resumit.

694 1494 787 1530 Dux
815 1493 962 1543 probus
991 1492 1133 1531 audaci
1162 1494 1271 1530 vultu
1301 1506 1393 1530 cum
1422 1493 1539 1543 plebe
1568 1491 1729 1542 sequaci

639 1559 825 1608 Regnum
854 1565 1057 1604 scrutatur,
1090 1557 1121 1595 si
1149 1557 1327 1607 proditor
1354 1557 1578 1596 inueniatur
1593 1572 1603 1605 3

636 1622 700 1661 Sic
729 1630 805 1661 tres
835 1636 975 1661 exosos
1005 1622 1128 1673 magis
1158 1622 1343 1661 omnibus
1373 1622 1612 1661 ambiciosos

635 1687 766 1738 Regni
794 1695 960 1727 tortores
988 1687 1194 1726 inuenerat
1222 1687 1306 1738 ipse
1334 1687 1507 1738 priores:

636 1755 743 1792 Ense
772 1753 989 1803 repercussi
1018 1753 1174 1803 periunt
1204 1754 1338 1803 Scrop,
1371 1754 1502 1791 Grene
1532 1766 1610 1803 que
1640 1754 1767 1802 Bussy
1784 1767 1795 1801 3

637 1819 709 1857 Hii
739 1818 851 1869 quasi
879 1820 1027 1869 regales
1056 1819 1210 1856 fuerant
1230 1832 1322 1856 cum
1350 1832 1440 1868 rege
1470 1819 1636 1856 sodales.

637 1886 760 1935 Scrop
791 1885 938 1924 Comes
968 1892 1007 1923 et
1036 1883 1166 1931 Miles,
1198 1883 1282 1922 eius
1313 1883 1509 1922 Bristollia
1537 1883 1633 1922 viles

637 1952 762 1988 Actus
792 1951 975 1997 declarat,
1007 1962 1088 1999 quo
1118 1963 1222 1987 mors
1253 1963 1322 1987 sua
1351 1950 1430 1987 fata
1458 1957 1610 2000 pararat
1624 1964 1635 1997 ,-

638 2016 850 2065 Greneque
879 2022 983 2053 sorte
1012 2014 1095 2065 pari
1125 2014 1259 2053 statuit
1288 2016 1368 2053 dux
1397 2014 1622 2065 decapitari,

638 2082 765 2130 Bussy
794 2080 1001 2118 conuictus
1032 2080 1177 2118 similes
1208 2094 1368 2130 quoque
1398 2080 1564 2118 sustinet
1592 2079 1717 2118 ictus:

636 2145 854 2183 Vnanimes
883 2152 1017 2183 mente
1045 2145 1187 2195 pariter
1216 2158 1320 2183 mors
1349 2158 1426 2183 vna
1453 2152 1615 2195 repente

637 2211 728 2248 Hos
757 2217 833 2248 tres
863 2209 1082 2259 prostrauit,
1114 2209 1266 2259 gladius
1297 2223 1396 2259 quos
1426 2211 1505 2248 fine
1533 2209 1696 2256 vomuit,

637 2275 746 2314 Sicut
775 2282 813 2314 et
843 2282 1005 2325 egerunt
1033 2274 1129 2322 aliis,
1161 2275 1216 2313 sic
1245 2275 1300 2313 hii
1329 2275 1557 2314 ceciderunt
1572 2289 1582 2322 3

638 2341 731 2389 Quo
761 2341 841 2378 dux
868 2340 1050 2378 laudatur
1078 2353 1322 2389 regnumque
1350 2353 1419 2389 per
1448 2353 1567 2378 omne
1596 2339 1756 2377 iocatur.

637 2407 737 2444 Sunt
766 2412 900 2443 tamen
931 2403 1097 2443 Henrici
1126 2406 1378 2454 quamplures
1407 2412 1502 2442 tunc
1531 2404 1691 2451 inimici,

636 2471 754 2508 Tales
784 2469 852 2519 qui
881 2477 1050 2519 querunt
1079 2469 1279 2515 obsistere,
1311 2482 1385 2507 nec
1414 2477 1650 2519 potuerunt:

637 2533 777 2584 Sepius
805 2535 972 2572 effantur
1001 2542 1039 2572 et
1068 2547 1159 2572 eum
1188 2542 1276 2583 post
1305 2541 1412 2583 terga
1440 2533 1649 2581 minantur,

637 2599 704 2636 Set
733 2611 815 2636 non
843 2598 1055 2645 audebant,
1085 2597 1226 2636 faciem
1255 2611 1346 2636 cum
1376 2598 1648 2648 respiciebant.

692 2664 891 2712 Tempore
920 2662 975 2701 sic
1005 2670 1132 2701 stante
1162 2670 1237 2700 stat
1266 2676 1331 2700 rex
1360 2662 1425 2701 vbi
1456 2663 1584 2701 stabat
1611 2663 1662 2701 ab
1691 2670 1794 2711 ante,

639 2728 781 2766 Donec
810 2735 1013 2766 commota
1041 2727 1170 2766 tremit
1200 2727 1282 2766 eius
1313 2727 1453 2766 concio
1483 2736 1589 2766 tota:

637 2792 700 2830 Sic
730 2792 852 2843 magis
882 2793 1005 2843 ignari
1034 2795 1199 2832 sceleres
1229 2794 1327 2831 fiunt
1357 2793 1468 2843 quasi
1498 2793 1582 2841 rari,

1946 984 1957 1005 1
1966 974 2008 1005 ὗε)

1214 2875 1275 2905 188
1291 2875 1442 2906 sceleres
1459 2875 1608 2907 SHGHa
1653 2875 1785 2907 celeres
1800 2876 1827 2908 C
1846 2877 1956 2916 (corr.)
