2095 3173
667 226 855 267 LIBER
895 227 1180 277 QUINTUS
1578 242 1658 282 215

301 330 388 369 Nec
416 343 556 369 manus
584 331 625 369 in
653 332 784 381 gladio
813 332 933 381 fulget
962 332 1113 371 honore
1142 345 1237 372 suo:
1592 347 1657 380 500

301 396 343 434 Si
372 396 498 434 malus
527 403 585 434 est
614 397 737 445 miles,
769 398 856 446 quis
886 410 958 435 nos
988 398 1176 437 desendet
1206 398 1245 436 in
1274 398 1423 437 armis?

302 461 343 499 Si
373 461 502 499 mollis
532 461 656 508 fuerit,
687 474 825 511 aspera
853 469 988 501 nostra
1017 462 1155 502 dabit:

302 526 343 565 Si
372 526 475 564 mala
504 526 660 573 milicia,
691 527 788 575 quid
818 528 946 565 clerus
975 528 1036 566 vel
1066 528 1141 566 sibi
1170 529 1297 567 cultor

302 593 487 639 Possunt,
518 592 615 629 dum
644 591 793 630 foribus
822 604 959 641 guerra
988 592 1137 641 patebit
1165 594 1254 632 eis?

302 657 343 695 Si
372 657 475 694 mala
504 656 648 694 milicia
676 656 803 704 fuerit,
835 664 930 694 tunc
959 657 1082 695 hostis
1111 659 1264 707 agenda

303 723 383 760 Dat
412 734 603 760 renouare
632 722 745 769 ferus,
778 722 846 771 qui
875 723 974 760 solet
1003 735 1088 762 esse
1117 724 1216 773 pius.

302 788 367 825 Sic
396 786 526 825 bonus
555 787 620 825 ille
649 787 766 832 bona,
796 788 923 825 malus
951 795 1019 826 aut
1048 790 1150 827 mala
1179 790 1250 828 fert
1280 791 1505 837 metuenda,

303 853 383 901 Qui
412 852 510 901 gerit
539 852 579 889 in
608 852 792 890 manibus
823 860 957 891 nostra
985 855 1131 892 tuenda
1160 855 1250 893 suis.

304 919 461 956 Munda
490 930 630 956 manus
661 918 757 955 mire
786 918 991 967 probitatis
1020 920 1196 958 conferet
1226 920 1335 967 ictus,

304 984 412 1021 Dum
441 983 592 1032 polluta
620 983 699 1020 suis
728 984 910 1021 sordibus
939 996 1033 1022 arua
1061 984 1181 1034 fugit:
1599 1001 1663 1033 510

304 1049 499 1087 Conscius
528 1049 613 1097 ipse
643 1048 728 1096 sibi,
760 1049 863 1086 mala
891 1049 988 1086 durn
1018 1049 1273 1088 meditabitur
1301 1057 1398 1098 acta,

305 1114 476 1160 Hesitat‚
508 1121 547 1152 et
576 1114 680 1151 varia
709 1121 843 1151 mente
872 1114 1026 1152 vacillat
1057 1127 1168 1163 opus.

305 1179 488 1217 Moribus
517 1191 625 1217 arma
653 1179 795 1228 vigent,
827 1179 938 1217 aliter
966 1180 1123 1217 fortuna
1152 1181 1310 1228 recedit,

305 1245 390 1283 Stat
419 1244 594 1294 probitas
623 1244 732 1282 viciis
763 1245 940 1293 proxima
970 1245 1079 1282 nulla
1107 1245 1187 1283 diu.

359 1308 541 1348 Moribus
571 1322 662 1359 ergo
692 1309 817 1356 stude,
850 1310 973 1357 miles,
1005 1310 1198 1360 viciisque
1226 1311 1362 1350 resiste

304 1375 483 1424 Belliger,
515 1380 553 1412 et
582 1374 710 1412 valide
740 1374 902 1423 publica
931 1375 1015 1413 iura
1045 1376 1149 1414 foue.

304 1442 376 1479 Est
404 1440 524 1477 michi
554 1440 609 1477 nil
637 1446 800 1477 cunctas
830 1446 1023 1478 terrarum
1053 1441 1212 1479 vincere
1241 1448 1401 1489 turmas,

304 1507 414 1543 Dum
443 1505 528 1543 solo
557 1505 659 1542 vicio
688 1505 825 1542 vincor
855 1505 1015 1543 inermis
1046 1518 1143 1555 ego:

305 1572 391 1609 Nec
420 1570 543 1619 magis
573 1570 614 1607 in
643 1570 759 1619 culpa
790 1570 887 1619 quid
916 1570 1031 1609 obest
1060 1584 1182 1621 quam
1211 1572 1324 1610 miles
1354 1573 1405 1611 ad
1434 1585 1541 1610 arma

303 1636 468 1682 Tardus,
501 1642 539 1673 et
568 1635 718 1673 assissis
747 1643 953 1685 promptus
984 1637 1114 1675 inesse
1143 1637 1271 1676 lucris.
1603 1651 1668 1683 520

304 1701 504 1740 Hostibus
534 1708 572 1739 vt
602 1701 739 1750 perdix
767 1702 906 1739 vicinis
936 1703 1208 1753 ancipiterque

304 1767 424 1805 Miles
453 1767 550 1804 dum
580 1766 740 1813 steterit,
772 1779 832 1804 res
862 1766 937 1804 sibi
967 1768 1055 1805 vilis
1085 1768 1169 1806 erit.

306 1834 401 1871 Non
429 1832 532 1870 valet
560 1832 625 1868 hic
654 1832 796 1880 dignus
825 1832 1072 1881 amplexibus
1102 1845 1189 1871 esse
1218 1833 1416 1880 Rachelis,

307 1897 449 1935 Inclita
478 1909 597 1946 quern
629 1897 767 1934 Martis
797 1909 905 1934 arma
933 1895 1052 1935 beare
1081 1904 1249 1947 negant:

307 1963 400 2010 Que
428 1961 607 2011 speciosa
635 1961 717 1999 viro
747 1961 814 1998 tali
843 1962 1031 2000 concedit
1060 1975 1252 2011 amorem,

307 2028 420 2065 Errat
449 2034 488 2065 et
517 2027 668 2076 ignorat
697 2027 794 2075 quid
823 2027 871 2064 sit
899 2028 1043 2065 amoris
1072 2028 1211 2066 honor.

308 2094 391 2142 Lya
419 2092 542 2141 magis
572 2091 662 2130 feda
691 2104 762 2141 pro
791 2092 960 2141 coniuge
989 2093 1169 2142 congruit
1199 2093 1322 2131 immo

308 2158 409 2205 Tali,
441 2158 508 2207 qui
538 2158 702 2195 minime
729 2163 839 2206 gesta
868 2158 1008 2196 valoris
1038 2157 1182 2196 habet:

307 2223 425 2262 Tales
453 2222 504 2261 ad
535 2224 657 2272 Lyam
686 2223 849 2260 redeant
878 2230 916 2261 et
945 2235 1031 2261 eam
1062 2223 1136 2261 sibi
1166 2224 1340 2273 iungant,

308 2290 390 2338 Lya
418 2288 466 2326 sit
494 2288 558 2325 hic
584 2288 763 2337 pauidus,
795 2288 862 2338 qui
892 2289 1028 2337 nequit
1057 2301 1143 2327 esse
1173 2290 1337 2327 Rachel.
1603 2303 1668 2337 530

310 2353 452 2391 Nullus
482 2360 635 2391 ametur
663 2353 786 2391 homo
816 2353 882 2402 qui
913 2366 995 2391 non
1025 2361 1083 2392 est
1113 2354 1256 2403 dignus
1285 2366 1430 2400 amore,

310 2419 367 2457 Sit
396 2425 454 2456 set
483 2419 626 2456 amoris
656 2431 775 2468 egens
805 2419 872 2468 qui
902 2425 1019 2468 negat
1048 2419 1132 2456 eius
1163 2431 1286 2457 onus:

311 2484 406 2521 Non
436 2483 519 2521 sine
548 2484 716 2522 sollicito
745 2485 926 2533 septenni
946 2485 1134 2533 temporis
1162 2491 1253 2522 actu

311 2549 463 2598 Captus
491 2561 625 2587 amore
655 2549 778 2587 Iacob
808 2550 909 2587 colla
939 2549 1127 2586 Rachelis
1157 2548 1287 2587 habet.

366 2614 432 2652 Set
462 2625 581 2662 quem
610 2626 726 2651 causa
756 2614 852 2651 lucri
881 2622 1016 2652 mouet
1045 2620 1085 2651 vt
1114 2614 1302 2662 procedat
1331 2614 1382 2652 ad
1410 2627 1528 2662 arma,

312 2679 430 2717 Miles
460 2679 612 2716 honore
640 2691 712 2717 suo
742 2679 796 2716 nil
825 2679 1031 2728 probitatis
1061 2678 1191 2717 habet.

311 2744 487 2782 Vulturis
516 2750 574 2781 est
603 2744 811 2782 hominum
840 2751 980 2783 natura
1008 2744 1202 2782 cadauera
1231 2745 1340 2792 velle,

312 2810 366 2847 Vt
394 2809 507 2847 cibus
536 2815 713 2847 occurrat
742 2809 883 2848 bellica
911 2817 1037 2847 castra
1066 2809 1197 2858 sequi3

270 2894 333 2925 501
359 2894 423 2916 nos
439 2883 597 2916 CEGDL
641 2894 711 2915 non
734 2884 879 2916 SHTH2
1011 2893 1074 2924 507
1100 2883 1136 2915 Si
1153 2884 1212 2915 CE
1345 2894 1410 2926 529
1427 2885 1520 2916 Liam
1539 2884 1593 2916 SL
