2095 3173
446 232 500 259 20
917 217 1048 258 VOX
1091 215 1448 259 CLAMANTIS

639 543 802 591 Incipit
822 542 1017 581 cronica
1037 552 1122 590 que
1142 540 1247 579 Vox
1269 541 1523 580 clamantis
1544 539 1718 580 dicitur.

489 666 539 701 In
568 666 690 701 huius
720 666 910 710 opusculi
944 666 1148 710 principio
1181 665 1362 700 intendit
1397 665 1655 709 compositor
1680 664 1914 699 describere

442 725 623 767 qualiter
649 725 824 759 seruiles
850 725 995 760 rustici
1021 725 1254 768 impetuose
1280 726 1430 758 contra
1454 725 1661 767 ingenuos
1685 725 1727 758 et
1750 723 1915 758 nobiles

441 784 560 827 regni
589 783 919 819 insurrexerunt.
970 784 1022 819 Et
1054 784 1151 827 quia
1179 793 1249 818 res
1277 783 1514 817 huiusmodi
1538 784 1656 818 velut
1680 784 1914 817 monstrum

440 842 703 877 detestabilis
720 843 799 877 fuit
818 845 860 877 et
876 843 1100 886 horribilis,
1120 844 1298 877 narrat
1321 852 1368 876 se
1394 852 1466 886 per
1491 841 1728 886 sompnium
1753 841 1913 876 vidisse

439 900 631 935 diuersas
654 901 771 945 vulgi
797 903 958 936 turmas
983 902 1027 935 in
1053 902 1245 936 diuersas
1272 901 1435 945 species
1461 901 1690 935 bestiarum
1715 900 1912 935 domesti-

440 969 582 993 carum
599 961 914 995 transmutatas
931 970 940 994 :
967 961 1068 996 dicit
1086 962 1229 995 tamen
1248 960 1356 1004 quod
1380 960 1448 994 ille
1474 959 1609 994 bestie
1626 959 1865 1000 domestice,
1887 971 1913 994 a

439 1027 517 1052 sua
536 1017 757 1053 deuiantes
776 1020 944 1059 natura,
964 1019 1237 1054 crudelitates
1255 1019 1437 1054 ferarum
1456 1019 1537 1052 sibi
1554 1020 1910 1062 presumpserunt.

438 1076 497 1111 De
506 1077 646 1111 causis
654 1088 769 1117 vero,
779 1088 830 1113 ex
843 1078 992 1122 quibus
1003 1079 1114 1113 inter
1126 1078 1317 1112 homines
1329 1078 1434 1113 talia
1447 1077 1700 1120 contingunt
1710 1077 1911 1117 enormia,

438 1136 602 1170 tractat
630 1137 809 1171 vlterius
843 1137 1069 1172 secundum
1098 1137 1398 1172 distincciones
1431 1136 1561 1171 libelli
1594 1136 1730 1179 istius,
1764 1136 1833 1179 qui
1867 1136 1910 1170 in

438 1195 599 1236 septem
634 1195 831 1230 diuiditur
866 1197 1024 1240 partes,
1050 1197 1175 1240 prout
1203 1195 1380 1230 inferius
1414 1195 1520 1230 locis
1550 1195 1638 1230 suis
1669 1194 1911 1230 euidencius

439 1252 672 1295 apparebit.

809 1378 974 1426 Incipit
1002 1379 1222 1427 prologus
1255 1379 1358 1417 libri
1391 1379 1543 1420 Primi.

624 1477 794 1526 cripture
822 1478 963 1517 veteris
994 1479 1155 1528 capiunt
1185 1480 1365 1529 exempla
1395 1480 1525 1526 futuri,

651 1543 757 1580 Nam
788 1543 899 1581 dabit
928 1552 1087 1594 experta
1116 1557 1177 1583 res
1206 1545 1330 1594 magis
1360 1558 1446 1583 esse
1470 1545 1603 1583 fidem.

542 1607 632 1645 Vox
661 1607 753 1646 licet
782 1608 860 1647 hoc
889 1615 1022 1647 teneat
1050 1610 1229 1660 vulgaris,
1262 1610 1372 1659 quod
1402 1610 1477 1648 sibi
1507 1610 1660 1648 nullum

544 1672 736 1722 Sompnia
766 1674 1013 1723 propositum
1044 1676 1285 1714 credulitatis
1316 1675 1478 1722 habent,

544 1738 629 1775 Nos
659 1744 792 1776 tamen
823 1746 983 1778 econtra
1012 1740 1063 1778 de
1091 1746 1270 1790 tempore
1298 1741 1572 1790 preteritorum

543 1802 705 1841 Cercius
734 1803 948 1842 instructos
977 1805 1105 1843 littera
1133 1805 1277 1854 scripta
1305 1806 1408 1843 facit.

542 1868 602 1905 Ex
633 1868 801 1906 Daniele
829 1876 937 1918 patet
967 1870 1064 1919 quid
1093 1872 1275 1919 sompnia
1304 1871 1583 1919 significarunt,

542 1932 628 1971 Nec
657 1933 729 1971 fuit
760 1934 799 1971 in
830 1935 1008 1984 sompnis
1037 1936 1135 1973 visio
1164 1948 1264 1974 vana
1296 1936 1467 1985 Ioseph:

540 1998 717 2048 Angelus
747 1998 870 2037 immo
900 1999 1041 2047 bonus,
1072 2000 1139 2049 qui
1168 2007 1302 2038 custos
1331 2001 1525 2039 interioris

541 2063 611 2100 Est
641 2063 825 2110 hominis,
857 2064 962 2113 vigili
993 2077 1149 2114 semper
1176 2078 1312 2104 amore
1342 2066 1476 2114 fauet3
1863 2081 1903 2104 10

539 2126 591 2165 Et
621 2127 711 2165 licet
741 2128 908 2166 exterius
939 2141 1081 2178 corpus
1111 2142 1230 2179 sopor
1259 2138 1440 2179 occupet,
1471 2131 1536 2169 ille

538 2191 681 2230 Visitat
711 2193 872 2231 interius
903 2195 1046 2231 mentis
1076 2200 1115 2232 et
1144 2202 1261 2244 auget
1291 2207 1409 2244 opem
1425 2209 1436 2243 3

538 2257 720 2306 Sepeque
749 2259 992 2307 sompnifero
1021 2266 1213 2297 monstrat
1243 2261 1467 2309 prenostica
1496 2261 1594 2307 visu,

538 2323 632 2371 Quo
661 2324 785 2372 magis
815 2324 854 2361 in
884 2325 1012 2362 causis
1041 2331 1220 2374 tempora
1249 2333 1387 2364 noscat
1416 2326 1553 2365 homo.

537 2388 648 2426 Hinc
677 2396 774 2437 puto
804 2401 882 2438 que
911 2390 991 2428 vidi
1021 2390 1130 2440 quod
1160 2391 1342 2440 sompnia
1371 2398 1550 2441 tempore
1580 2393 1707 2431 noctis

536 2452 655 2502 Signa
683 2454 738 2492 rei
768 2460 874 2492 certe
903 2456 1255 2494 commemoranda
1284 2456 1424 2494 ferunt.

533 2518 647 2556 Visio
677 2519 802 2568 qualis
833 2526 926 2567 erat,
958 2532 1038 2569 quo
1067 2527 1256 2570 tempore,
1289 2522 1401 2559 cuius
1431 2528 1469 2560 et
1498 2534 1605 2561 anno

535 2583 668 2633 Regis,
700 2584 740 2621 in
770 2584 844 2622 hiis
875 2585 1027 2634 scriptis
1057 2586 1208 2635 singula
1238 2587 1336 2624 scire
1365 2593 1489 2635 potes.

588 2647 803 2687 Scribentis
833 2662 982 2688 nomen
1012 2650 1043 2688 si
1073 2663 1224 2700 queras,
1256 2663 1349 2690 ecce
1378 2652 1536 2701 loquela

534 2712 617 2751 Sub
646 2713 771 2752 tribus
801 2715 991 2764 implicita
1020 2715 1197 2754 versibus
1228 2717 1322 2754 inde
1351 2717 1456 2755 latet.
1855 2736 1894 2757 20

474 2810 553 2842 Title
569 2810 861 2851 Incipit—dicitur
878 2812 936 2844 (ΣΕ
982 2824 1049 2844 om.
1067 2813 1161 2845 GDL
1251 2814 1339 2846 Prol.
1356 2814 1515 2856 Heading
1530 2826 1596 2847 om.
1617 2815 1644 2846 L
1733 2827 1752 2854 4
1779 2822 1893 2848 narrat

425 2862 483 2894 ΟΕ
529 2863 628 2903 fingit
645 2863 710 2895 GD
844 2874 864 2905 5
888 2865 1073 2897 bestiarum
1090 2864 1227 2906 species
1244 2866 1309 2898 GD
1443 2877 1460 2906 7
1485 2872 1705 2908 sumpserunt
1724 2867 1750 2899 E
