2095 3173
682 175 872 216 LIBER
913 174 1251 215 SECUNDUS

1647 189 1700 228 95

277 298 355 334 Hic
368 300 552 343 loquitur
569 299 618 334 de
635 299 720 333 filio
740 298 806 332 dei
819 298 1042 333 incarnato
1060 297 1227 332 domino
1246 299 1396 332 nostro
1410 297 1533 332 Ihesu
1551 296 1700 339 Cristo,

231 367 304 401 per
323 368 443 401 quem
460 359 510 393 de
528 358 639 392 malo
657 358 701 391 in
720 358 873 392 bonum
891 357 1181 392 reformamur.

78 440 205 488 Capm.
227 438 303 476 viii.

396 439 515 477 Nunc
544 439 792 476 incarnatum
822 438 937 476 decet
966 444 1004 475 et
1034 449 1106 475 nos
1136 437 1297 475 credere
1326 443 1475 484 natum,

342 506 473 553 Quem
503 505 671 543 colimus
701 505 874 548 Cristum
904 503 1136 541 credulitate
1166 504 1340 541 Ihesum.

342 570 405 608 Sic
434 582 534 618 opus
564 569 711 618 incepit
740 575 866 615 natus,
898 568 949 606 de
978 568 1099 606 corde
1128 575 1303 617 paterno,

343 636 406 673 De
434 635 584 683 gremio
613 634 731 683 patris
760 633 867 672 venit
896 633 947 671 ad
975 645 1066 682 yma
1095 633 1204 671 deus.

344 701 407 738 De
436 706 545 748 patre
573 699 775 748 processit,
807 704 865 736 set
895 711 975 736 non
1006 698 1056 736 de
1086 705 1194 747 patre
1224 698 1393 746 recessit,

342 765 407 803 Ad
437 765 577 802 mundi
606 765 769 802 veniens
798 776 897 813 yma,
929 770 988 802 set
1016 770 1118 801 astra
1146 771 1310 811 tenens;

343 831 507 879 Semper
536 830 642 868 enim
673 830 724 867 de
754 836 862 880 patre
891 829 973 876 fuit,
1007 829 1079 866 fuit
1108 829 1148 866 in
1178 835 1287 878 patre
1318 841 1483 878 semper,

343 896 507 945 Semper
535 895 642 944 apud
671 901 833 943 patrem,
865 906 956 931 cum
986 901 1095 944 patre
1123 906 1278 943 semper
1308 894 1441 933 idem:

344 960 571 1009 Assumpsit
601 972 760 997 carnem
790 959 914 997 factus
944 972 1046 1006 caro,
1078 971 1152 997 nec
1182 966 1314 998 tamen
1345 960 1450 997 illam

347 1026 475 1064 Desiit
503 1037 708 1063 assumens
737 1037 824 1063 esse
853 1025 961 1074 quod
991 1031 1082 1062 ante
1112 1024 1206 1063 fuit:

345 1092 491 1129 Vnitur
519 1103 609 1129 caro
639 1090 694 1128 sic
724 1090 856 1137 verbo,
888 1090 997 1139 quod
1027 1090 1104 1127 sint
1133 1090 1173 1126 in
1203 1089 1342 1128 eadem

347 1158 438 1195 Hec
467 1157 549 1195 duo
579 1168 757 1205 persona,
788 1167 902 1193 verus
931 1154 1078 1203 vbique
1107 1155 1229 1193 deus:

347 1223 469 1271 Quod
500 1222 582 1269 fuit,
608 1222 685 1259 hoc
714 1233 870 1270 semper
899 1220 1052 1266 mansit,
1085 1220 1194 1269 quod
1224 1233 1305 1258 non
1336 1221 1418 1268 fuit,
1449 1221 1544 1259 illud

346 1287 517 1337 Virginis
548 1287 587 1323 in
617 1298 734 1324 carne
764 1285 941 1335 sumpsit,
974 1292 1012 1323 et
1042 1285 1138 1323 illud
1168 1292 1260 1324 erat.

348 1355 423 1391 Par
451 1365 551 1402 opus
579 1352 673 1389 huic
703 1351 811 1400 operi
841 1364 1037 1400 nusquam
1067 1358 1317 1399 monstratur,
1349 1351 1490 1389 honori

347 1419 491 1458 Nullus
520 1430 589 1467 par
617 1418 745 1466 potuit
774 1429 871 1464 esse,
904 1417 1042 1464 Maria,
1074 1424 1153 1455 tuo.

350 1485 536 1523 Infirmus
566 1495 697 1530 carne,
726 1489 785 1521 set
815 1482 1001 1520 robustus
1030 1482 1190 1529 deitate,

348 1549 479 1589 Carne
507 1548 636 1586 minor
665 1555 784 1597 patre,
817 1561 886 1597 par
915 1548 1062 1586 deitate
1091 1560 1281 1586 manens:

349 1615 460 1652 Hinc
488 1614 567 1661 alit,
598 1613 691 1651 hinc
720 1614 844 1660 alitur,
877 1613 970 1650 hinc
999 1614 1133 1662 pascit,
1167 1614 1338 1662 pascitur
1367 1613 1472 1659 inde,

349 1681 459 1718 Hinc
488 1679 595 1729 regit,
627 1679 720 1716 hinc
750 1679 904 1728 regitur,
936 1678 1029 1715 hinc
1059 1679 1207 1728 nequit,
1240 1678 1333 1716 inde
1364 1686 1515 1727 potest:

348 1746 459 1783 Hinc
487 1746 588 1783 iacet
617 1745 657 1782 in
687 1744 799 1781 cunis
829 1750 867 1781 et
896 1744 1068 1792 postulat
1097 1743 1215 1781 vbera
1245 1745 1389 1791 matris,

350 1811 461 1848 Hinc
489 1815 653 1848 testatur
681 1821 773 1847 eum
803 1808 948 1846 celicus
977 1809 1076 1846 ordo
1105 1808 1249 1846 deum:

351 1875 461 1912 Hinc
490 1886 654 1923 presepe
684 1879 792 1911 tenet
821 1880 947 1910 artum
979 1872 1052 1910 sub
1082 1884 1255 1921 paupere
1285 1879 1403 1920 tecto,

350 1940 460 1977 Hinc
489 1939 541 1977 ad
570 1951 661 1977 eum
691 1950 800 1987 reges
830 1938 964 1986 preuia
994 1937 1105 1974 stella
1134 1937 1275 1975 trahit:

349 2006 459 2043 Hinc
488 2005 583 2051 sitis,
614 2004 771 2050 esuries,
802 2003 973 2049 lacrime,
1005 2002 1116 2040 labor
1144 2009 1264 2052 atque
1293 2002 1461 2049 dolores,

350 2071 402 2108 Et
430 2069 592 2108 tandem
622 2068 750 2117 potuit
779 2068 1012 2106 sustinuisse
1040 2068 1154 2105 mori.

350 2135 514 2172 Ponitur
543 2134 583 2171 in
613 2133 745 2183 precio
774 2146 834 2171 res
865 2132 1153 2182 impreciabilis,
1186 2132 1271 2181 ipse

349 2200 533 2238 Proditur
561 2205 599 2237 et
629 2199 789 2236 modico
818 2198 1002 2236 venditur
1031 2210 1095 2236 ere
1125 2198 1248 2236 deus:

350 2267 524 2314 Postque
553 2265 668 2312 salus,
700 2264 789 2310 vita,
822 2263 906 2302 seui
935 2263 1122 2313 predacio
1152 2262 1339 2310 claustri,

352 2330 453 2368 Inde
483 2326 672 2367 resurexit'
699 2341 818 2378 regna
846 2334 1009 2378 paterna
1038 2335 1201 2377 petens:

352 2395 588 2444 Iudicioque
616 2406 699 2441 suo,
732 2394 820 2432 finis
850 2406 942 2431 curn
971 2393 1120 2431 venerit
1150 2391 1267 2439 orbis,

353 2459 555 2498 Attribuet
583 2459 737 2497 cunctis
766 2470 844 2508 que
873 2470 1052 2497 meruere
1081 2458 1197 2507 prius.

408 2525 472 2562 Sic
501 2524 623 2562 homo
652 2524 860 2573 perfectus,
892 2523 948 2562 sic
977 2523 1172 2574 perfectus
1202 2522 1300 2559 deus
1330 2520 1448 2567 idem,

355 2589 594 2637 Exsequitur
623 2589 740 2638 plene
769 2589 962 2639 quicquid
992 2594 1202 2636 Vtrumque
1231 2585 1359 2624 decet.

354 2653 532 2703 Suggerit
560 2653 637 2691 hoc
665 2665 802 2692 verum
831 2653 996 2691 mortale
1025 2651 1134 2701 quod
1163 2649 1282 2688 vbera
1310 2649 1449 2700 suggit,

356 2718 478 2766 Quod
508 2730 613 2756 noua
642 2718 753 2756 stella
781 2719 878 2768 gerit
907 2718 1078 2768 suggerit
1107 2728 1193 2754 esse
1222 2715 1370 2753 deum:

612 2828 677 2866 408
700 2827 871 2858 resurexit
888 2826 982 2859 SHT
1027 2824 1213 2857 resurrexit
1230 2823 1354 2856 CEDL

1640 509 1703 547 380

1641 1169 1706 1203 390

1643 1823 1709 1854 400

1647 2471 1713 2502 410
