2095 3173
430 196 506 236 192

897 185 1027 225 VOX
1069 184 1430 225 CLAMANTIS

536 292 680 330 Mundi
713 292 941 342 pauperiem
973 292 1224 341 simplicitate
1253 292 1354 329 tulit.
1838 308 1903 338 930

537 359 674 408 Gignit
704 359 850 395 humus
880 356 1056 404 tribulos,
1088 356 1154 394 vbi
1185 363 1314 406 torpet
1343 357 1472 395 cultor
1501 357 1541 394 in
1573 357 1684 407 agris,

535 425 629 472 Quo
659 424 790 461 minus
820 423 870 461 ad
901 435 1049 460 messes
1080 423 1152 460 fert
1182 435 1252 460 sua
1281 423 1388 460 lucra
1418 423 1565 462 Ceres:

536 489 726 538 Pungitur
755 489 934 534 ecclesia,
967 489 1128 526 fratrum
1159 500 1260 537 quos
1290 489 1409 526 sentit
1437 487 1599 527 abortos

536 555 694 593 Inuidie
724 555 892 592 stimulis
922 555 1002 593 lesa
1033 567 1101 604 per
1131 566 1251 592 omne
1280 555 1392 592 latus.

535 620 716 669 Quilibet
745 632 840 670 ergo
867 619 998 659 bonus
1028 620 1194 658 tribulos
1224 621 1389 670 extirpet
1419 628 1557 668 arator,

534 687 596 724 Ne
626 686 805 735 pharisea
835 699 990 724 sacrum
1020 687 1171 736 polluat
1201 685 1322 725 herba
1353 687 1496 725 locum.

470 808 549 843 Hie
566 809 749 853 loquitur
768 809 949 853 qualiter
969 810 1041 844 isti
1061 809 1220 845 fratres
1244 810 1485 845 inordinate
1506 810 1703 846 viuentes
1727 810 1780 845 ad
1799 820 1902 846 com·

423 878 547 903 mune
565 868 721 903 bonum
739 869 869 903 Vtiles
889 869 1131 912 aliqualiter
1149 879 1235 903 non
1254 869 1454 904 existunt.

297 950 314 984 (⁷
323 951 426 998 'ap'¹¹.
449 963 507 987 xx.

595 949 796 987 Fratribus
825 956 866 987 vt
895 950 1091 988 redimant
1120 950 1250 988 celum
1282 962 1363 988 non
1394 956 1452 988 est
1482 949 1594 988 labor
1623 951 1723 997 Ade,

533 1016 626 1064 Quo
657 1015 731 1053 sibi
760 1016 821 1053 vel
852 1016 1012 1065 reliquis
1042 1016 1133 1053 vina
1162 1016 1223 1053 vel
1253 1028 1347 1053 arua
1376 1016 1541 1063 colunt3

532 1081 720 1130 Corporis
752 1081 876 1119 immo
906 1082 1030 1130 quies,
1063 1094 1183 1130 quarm
1215 1087 1386 1130 querunt
1415 1080 1571 1128 sorcius,
1605 1081 1692 1119 illos

534 1148 620 1184 Iam
650 1147 770 1194 fouet,
803 1154 842 1184 et
872 1148 1012 1185 mundi
1043 1147 1149 1185 tedia
1181 1147 1288 1184 nulla
1317 1153 1508 1196 granant:
1838 1162 1904 1194 940

534 1214 625 1251 Hiis
656 1225 787 1263 neque
816 1213 1047 1263 perspicuus
1078 1226 1278 1251 armorum
1309 1213 1479 1262 pertinet
1508 1219 1629 1259 actus,

534 1279 699 1317 Publica
729 1292 810 1329 quo
840 1286 1000 1317 seruant
1030 1279 1114 1317 iura
1143 1280 1276 1328 vigore
1306 1292 1406 1317 suo:

533 1345 597 1383 Sic
628 1357 759 1394 neque
788 1345 954 1383 milicies
984 1357 1115 1394 neque
1145 1351 1246 1383 terre
1276 1345 1404 1382 cultus
1433 1345 1601 1383 adornat

534 1412 635 1457 Ηοε,
668 1417 726 1448 set
757 1411 796 1447 in
827 1410 923 1448 orbe
952 1423 1072 1459 vagos
1101 1410 1245 1460 linquit
1274 1418 1438 1460 vterque
1469 1417 1603 1448 status.

534 1477 620 1514 Nec
650 1483 741 1514 sunt
771 1477 822 1515 de
851 1477 956 1514 clero
985 1477 1163 1523 fratres,
1196 1477 1380 1526 quamuis
1410 1476 1484 1514 sibi
1515 1483 1711 1526 temptent

532 1543 732 1592 Vsurpare
762 1535 918 1589 statum,
951 1555 1070 1591 quern
1101 1542 1194 1579 sinit
1223 1542 1361 1579 vmbra
1391 1542 1523 1580 scole:

534 1609 628 1646 Non
658 1621 760 1646 onus
789 1608 1006 1646 admittunt
1036 1608 1171 1645 fratres
1201 1608 1294 1645 cleri
1324 1614 1382 1645 set
1412 1608 1618 1654 honorem,

534 1675 582 1712 In
612 1674 800 1712 cathedra
831 1674 945 1723 primi
976 1686 1056 1723 quo
1087 1673 1260 1712 residere
1289 1679 1442 1722 petunt.

534 1741 627 1778 Non
658 1746 796 1777 curant
825 1740 977 1777 animas
1008 1739 1144 1788 populi
1174 1751 1304 1788 neque
1334 1751 1500 1788 corpora
1528 1745 1719 1787 pascunt:

532 1805 597 1843 Ad
628 1817 844 1843 commune
869 1804 1021 1843 bonum
1052 1804 1150 1853 quid
1179 1804 1304 1853 magis
1335 1816 1428 1853 ergo
1456 1803 1619 1841 valent?
1838 1819 1902 1852 950

531 1872 585 1909 Vt
615 1883 746 1921 neque
775 1883 931 1909 ramosa
961 1869 1188 1908 numerabis
1219 1869 1259 1906 in
1290 1869 1378 1907 ilice
1407 1868 1583 1918 glandes,

535 1938 598 1974 Tu
629 1937 790 1974 fratrum
821 1948 1031 1974 numerum
1062 1936 1311 1974 dinumerare
1342 1935 1510 1984 nequis:

534 2003 677 2049 Immo,
709 2002 816 2040 velut
846 2008 998 2039 torrens
1027 2001 1142 2039 vnclis
1172 1999 1412 2050 pluuialibus
1441 2006 1592 2046 auzctuS,

533 2069 614 2105 Aut
644 2068 747 2114 niue,
780 2079 857 2116 que
887 2067 1045 2116 zephiro
1075 2067 1178 2103 victa
1207 2073 1367 2115 tepente
1397 2065 1492 2112 fluit,

534 2133 645 2171 Ordo
675 2133 916 2181 supercreuit
947 2131 1096 2178 habim,
1129 2138 1189 2169 set
1217 2131 1268 2169 ab
1298 2131 1438 2169 ordine
1467 2131 1588 2168 virtus

536 2198 676 2245 Cessit,
709 2204 748 2235 et
778 2198 818 2234 in
848 2197 983 2246 primis
1013 2197 1159 2234 desinit
1190 2197 1244 2234 ire
1273 2196 1355 2233 viis„

533 2263 573 2301 Si
603 2263 708 2301 racio
738 2263 857 2310 fieret,
890 2262 1129 2299 famulorum
1158 2261 1285 2310 poscit
1315 2267 1466 2310 egestas

533 2330 651 2367 Tales
681 2329 790 2378 quod
821 2328 952 2366 sulcus
982 2334 1116 2377 posset
1146 2326 1291 2365 habere
1321 2339 1424 2364 suos.

588 2395 678 2432 Hos
710 2394 844 2432 Dauid
872 2394 1038 2431 affirmat
1067 2393 1275 2430 hominum
1307 2404 1380 2430 nec
1410 2392 1540 2430 inesse
1570 2390 1715 2438 labore,

534 2461 622 2498 Nec
651 2460 779 2509 posite
807 2459 903 2508 legis
933 2459 1009 2496 vlla
1038 2458 1190 2508 flagella
1220 2457 1310 2506 pati.
1835 2463 1902 2506 960

533 2525 659 2575 Regia
689 2525 789 2563 iura
818 2525 971 2562 nichil
1000 2530 1066 2561 aut
1096 2523 1260 2572 presulis
1291 2529 1378 2560 acta
1407 2521 1607 2569 valebunt,

534 2592 731 2629 Excessus
761 2591 922 2628 fratrum
953 2602 1033 2639 quo
1063 2589 1268 2626 moderare
1298 2594 1456 2637 queant.

534 2657 626 2705 Que
656 2668 725 2694 sua
754 2662 846 2694 sunt
875 2655 1049 2693 mundus
1079 2667 1125 2692 ea
1154 2653 1290 2703 diligit,
1323 2653 1505 2691 fratribus
1536 2665 1627 2703 ergo

533 2721 676 2759 Attulit
705 2727 745 2759 vt
774 2721 872 2758 caris
903 2732 1089 2770 prospera
1119 2731 1276 2768 queque
1306 2719 1410 2756 suis:

537 2787 630 2824 Non
661 2787 814 2824 sulcant
844 2798 975 2836 neque
1005 2791 1111 2832 nent,
1144 2785 1290 2822 falcant
1320 2796 1394 2822 nec
1424 2784 1463 2821 in
1493 2784 1633 2822 horrea
1663 2789 1843 2833 ponunt3

538 2852 668 2889 Pascit
698 2864 765 2890 eos
795 2852 974 2890 mundus>
1000 2864 1081 2889 non
1111 2856 1245 2888 tamen
1276 2849 1370 2888 inde
1399 2849 1541 2887 minus.

2060 3018 2070 3173 ===.—ssv
