2095 3173
0 2889 22 3173 mab-*2

655 186 843 226 LIBER
885 185 1160 226 TERCIUS

282 292 346 331 Sic
375 298 434 331 est
462 293 633 331 deuotus
662 293 841 342 cupidus,
873 292 1059 341 mitisque
1089 289 1292 340 superbus,

282 357 440 396 Celicus
469 364 508 396 et
537 358 605 407 qui
634 359 722 408 plus
751 358 980 396 sollicitatur
1009 357 1156 395 humo:

282 421 345 459 Sic
375 422 572 460 mundum
602 423 658 460 sic
688 429 727 461 et
756 423 931 462 Cristum
961 420 1145 460 retinebit
1175 427 1394 470 Vtrumque,

281 487 462 524 Mundus
490 488 700 534 amicicior,
734 488 886 526 Cristus
916 487 1077 532 amicus,
1110 486 1192 524 erit.

282 551 391 588 Inter
419 563 499 598 eos,
531 553 656 590 maior
684 553 772 601 quis
802 553 861 599 sit,
893 553 939 590 lis
970 563 1063 600 sepe
1092 558 1285 597 mouetur,

281 616 349 653 Set
378 616 466 664 quis
496 617 567 654 erit
596 617 746 664 melior,
778 617 934 666 questio
963 617 1070 653 nulla
1097 622 1235 653 sonat:

280 680 320 718 Si
349 687 483 718 tamen
512 681 563 719 ad
592 682 732 719 mundi
761 683 888 720 visum
918 681 1036 719 facies
1066 680 1254 719 bonitatis

280 745 453 792 Eminet,
486 745 562 783 hoc
591 759 677 784 raro
707 747 855 785 viscera
883 746 1014 784 cordis
1044 744 1207 783 habent.

334 811 428 848 Hoc
457 811 555 849 deus
585 824 671 849 esse
701 813 810 861 pium
840 812 974 850 statuit
1003 811 1273 861 quodcunque
1302 810 1466 857 iuuaret,

281 875 366 913 Nos
395 883 527 914 tamen
556 877 607 914 ad
638 889 785 915 nocuas
815 883 1005 926 prouocat
1035 876 1089 913 ira
1118 887 1284 914 manus:

278 940 347 978 Vti
376 941 529 979 iusticia
556 943 659 990 volo,
691 950 750 981 set
778 948 989 981 conuertor
1017 942 1057 979 in
1087 941 1195 987 iram,

280 1005 602 1056 Principiumque
631 1007 784 1045 bonum
814 1007 978 1046 destruit
1008 1006 1062 1043 ira
1092 1017 1286 1054 sequens:

282 1068 454 1109 Carnem
483 1072 642 1121 castigo,
676 1073 839 1110 miseros
869 1077 1060 1117 sustento,
1093 1076 1152 1107 set
1182 1069 1277 1107 inde

282 1136 460 1174 Nascens
491 1137 640 1175 furatur
666 1137 788 1186 gloria
821 1149 921 1174 vana
952 1136 1114 1174 bonum.

281 1201 396 1238 Istud
425 1202 662 1239 fermentum
692 1202 895 1240 mundane
924 1201 1052 1238 laudis
1082 1206 1121 1237 et
1150 1199 1205 1236 ire

278 1264 445 1315 Absque
473 1267 582 1304 lucro
610 1266 739 1304 meriti
768 1266 916 1316 respuit
945 1266 1000 1303 ira
1029 1265 1118 1304 dei:

282 1330 329 1368 In
359 1331 505 1368 vicium
533 1332 654 1369 virtus
685 1331 740 1370 sic
769 1332 940 1378 vertitur,
971 1338 1011 1369 vt
1040 1329 1114 1368 sibi
1144 1328 1318 1367 mundus

280 1396 462 1434 Gaudeat
491 1403 529 1434 et
559 1396 711 1436 Cristus
741 1403 913 1435 transeat
941 1396 1093 1446 absque
1122 1395 1254 1433 lucris.

334 1461 388 1498 Vt
416 1462 547 1511 presul
577 1462 699 1510 prosit
727 1462 881 1500 dudum
910 1462 966 1500 sic
995 1462 1093 1500 ordo
1122 1459 1295 1509 petebat,

280 1526 348 1564 Set
377 1526 499 1564 modo
528 1539 606 1576 que
636 1527 755 1576 presit
784 1527 899 1565 mitra
927 1526 1097 1565 colenda
1125 1526 1268 1575 placet.

281 1591 450 1629 Presulis
480 1603 527 1630 ex
555 1591 739 1641 precibus
768 1593 917 1642 populo
946 1598 1138 1642 peccante
1167 1590 1321 1629 solebat

282 1657 346 1694 Ira
375 1657 438 1695 dei
469 1657 594 1694 minui
624 1669 698 1696 nec
726 1658 955 1696 meminisse
985 1657 1078 1695 mali
1093 1671 1104 1705 3

282 1722 481 1771 Nuncque
510 1735 651 1761 manus
682 1724 844 1772 Moyses
873 1735 955 1761 non
984 1722 1094 1772 erigit
1123 1721 1163 1759 in
1193 1733 1309 1770 prece
1339 1727 1484 1766 noster,

281 1787 367 1824 Nos
397 1787 589 1825 Amalech
619 1788 710 1826 ideo
739 1794 852 1826 vexat
882 1788 922 1825 in
951 1800 1047 1826 ense
1076 1799 1160 1825 suo.

283 1852 425 1901 Moyse
453 1852 611 1890 leuante
641 1864 780 1889 manus
810 1852 927 1890 Iosue
955 1852 1117 1890 victoria
1145 1851 1261 1898 cedit,

283 1917 473 1966 Dumque
502 1917 663 1954 remittit
692 1929 769 1963 eas,
800 1917 925 1954 victus
954 1916 1005 1954 ab
1035 1917 1148 1954 hoste
1177 1915 1303 1954 redit:

283 1982 347 2020 Sic
377 1994 448 2031 pro
478 1981 594 2031 plebe
623 1994 755 2029 manu,
786 1982 966 2029 lacrimis,
997 1994 1124 2030 prece,
1156 1981 1285 2019 sidera
1313 1980 1475 2030 pulsans

283 2047 420 2085 Presul
448 2046 498 2084 ab
528 2047 689 2085 instanti
718 2047 846 2085 munit
874 2047 925 2084 ab
955 2047 1068 2085 hoste
1099 2059 1219 2094 suos;

282 2114 356 2158 Ac,
386 2113 416 2150 si
447 2113 632 2150 dormitet
663 2113 788 2150 victus
818 2118 976 2161 torpore
1005 2113 1204 2160 sacerdos,

283 2176 451 2216 Subdita
479 2178 592 2227 plebs
621 2178 731 2216 viciis
760 2178 811 2216 de
840 2178 1001 2216 leuitate
1030 2178 1150 2216 cadit.

284 2243 396 2291 Quos
426 2243 570 2281 habeat
598 2244 746 2281 fructus
776 2244 914 2293 suplex
943 2243 1113 2281 deuocio
1143 2242 1248 2290 iusti,

284 2308 333 2346 In
362 2308 544 2357 precibus
575 2308 706 2358 Moysi
736 2309 906 2358 quisque
935 2315 1071 2346 notare
1101 2314 1240 2357 potest.

338 2374 419 2421 Qui
444 2373 573 2411 bonus
603 2380 661 2411 est
690 2381 822 2422 pastor
849 2374 975 2423 gregis
1005 2386 1052 2412 ex
1080 2374 1225 2422 pietate
1255 2379 1448 2420 mouetur,

286 2437 338 2476 Et
367 2438 532 2487 propriis
561 2438 734 2477 humeris
765 2438 836 2477 fert
866 2438 941 2476 sibi
970 2438 1128 2487 pondus
1159 2438 1272 2485 ouis3

286 2503 367 2551 Qui
395 2503 486 2541 licet
513 2503 687 2542 inmunis
716 2504 766 2541 sit
793 2502 845 2542 ab
875 2504 985 2542 omni
1014 2502 1113 2549 labe,
1145 2514 1307 2540 suorum

286 2567 560 2606 Membrorum
590 2569 726 2618 culpas
755 2569 923 2618 imputat
953 2569 1037 2617 ipse
1067 2567 1153 2605 sibi.

288 2633 383 2670 Non
412 2633 452 2669 in
481 2645 523 2671 se
552 2634 704 2672 Cristus
733 2634 883 2672 crimen
911 2633 1097 2671 transisse
1127 2632 1278 2679 fatetur,

286 2698 354 2735 Set
382 2709 470 2735 reus
499 2697 539 2734 in
568 2698 756 2736 membris
787 2699 930 2737 dicitur
959 2709 1046 2736 esse
1074 2697 1177 2735 suis:

287 2759 381 2797 Non
411 2759 502 2797 facit
531 2759 595 2797 hic
623 2761 817 2809 populum
846 2761 1087 2809 delinquere,
1119 2765 1178 2797 set
1206 2765 1340 2798 tamen
1368 2759 1453 2799 eius

601 2835 662 2874 176
686 2835 760 2866 ouis
776 2834 1023 2868 CEHGDLH2
1070 2844 1157 2865 onus
1174 2833 1230 2865 ST

1564 199 1637 226 111

1578 759 1643 791 150

1578 1400 1642 1432 160

1580 2059 1644 2093 170

1579 2702 1644 2734 180
