2095 3173
894 227 1023 268 VOX
1065 226 1426 268 CLAMANTIS

534 337 597 375 En
627 336 794 375 redeunt
823 347 941 384 vaspe
971 346 1048 383 que
1077 345 1203 382 nuper
1230 333 1520 382 Vaspasianum

533 401 805 452 Torquebant‚
836 400 940 438 varia
970 399 1146 448 dantque
1176 405 1320 436 nouata
1350 399 1464 436 mala.

535 467 709 506 Horrida
739 477 962 503 muscarum
992 463 1139 503 furiens
1168 470 1264 501 tunc
1292 464 1408 513 copia
1436 470 1544 502 tanta

535 533 685 580 Creuit,
714 539 753 569 vt
782 544 805 568 a
835 529 996 568 stimulo
1023 530 1087 567 vix
1116 529 1284 567 latitauit
1312 530 1461 568 homo:

533 599 586 636 Vt
617 597 706 635 furit
737 596 923 642 infernus,
954 595 1104 645 agitant
1133 595 1226 632 hinc
1256 595 1349 633 inde
1378 595 1548 642 dolores,

536 663 682 702 Omnia
711 661 996 711 prestimulant,
1029 660 1163 699 omnia
1192 660 1272 698 lesa
1301 660 1450 699 dolent.

588 730 704 766 Rana
736 727 900 776 quidem
929 739 1067 764 musce
1096 726 1226 775 plures
1256 726 1404 764 sociata
1434 733 1622 776 pervrget,

535 795 626 832 Hec
655 793 760 831 volat
790 793 841 831 ad
870 792 1033 839 facinus,
1065 792 1180 829 saltat
1209 798 1247 830 et
1276 791 1341 829 illa
1370 804 1551 841 sequens.

532 861 712 898 Verterat
743 859 782 895 in
813 870 926 895 ranas
955 869 1056 906 quos
1087 857 1240 894 Latona
1270 856 1385 894 turba
1414 857 1606 895 colonum

535 926 641 963 Ecce
671 924 783 970 redit,
814 935 892 973 que
920 935 1030 961 nouo
1059 922 1234 971 dampna
1263 922 1393 960 furore
1422 929 1544 971 parat.
1832 930 1897 970 580

534 991 651 1029 Vlcio
681 1002 864 1028 ranarum
894 989 966 1026 fuit
996 987 1155 1026 horrida
1183 987 1298 1025 valde
1328 1000 1534 1036 nouarum,

535 1055 734 1095 Omnibus
764 1055 803 1092 in
833 1053 1020 1093 domibus
1051 1065 1132 1091 non
1162 1065 1335 1092 nocuere
1363 1065 1528 1102 parum:

535 1121 681 1160 Omnia
711 1120 868 1166 fercula,
899 1126 1042 1157 cuncta
1071 1118 1218 1157 cibaria
1247 1131 1340 1156 rana
1369 1119 1555 1164 comedit,

536 1187 654 1225 Fudit
683 1193 721 1224 et
752 1186 791 1222 in
821 1185 938 1222 variis
966 1185 1050 1222 dira
1079 1196 1235 1222 venena
1263 1184 1374 1223 locis.

535 1253 628 1290 Hee
657 1242 811 1289 fuerant
841 1262 944 1297 rane,
977 1249 1116 1288 sterilis
1146 1261 1245 1299 quas
1274 1261 1400 1298 nuper
1427 1249 1613 1289 abhorret

534 1318 713 1367 Egiptus,
744 1328 823 1365 que
845 1316 927 1365 pari
958 1315 1035 1353 iam
1065 1315 1257 1365 grauitate
1286 1321 1459 1354 nocent:

536 1384 629 1421 Non
660 1388 742 1420 erat
772 1381 812 1418 in
841 1388 942 1419 terra
971 1380 1128 1430 sapiens
1158 1380 1289 1419 illesus
1318 1380 1370 1418 ab
1398 1380 1493 1428 istis,

536 1448 734 1497 Plangunt
764 1445 990 1496 philosophi
1020 1446 1183 1484 vulnera
1211 1446 1313 1484 facta
1344 1445 1430 1484 sibi.

536 1516 651 1553 Rana
679 1520 825 1563 grauat‚
858 1518 917 1550 set
947 1524 1084 1550 musca
1114 1512 1248 1561 magis,
1279 1512 1473 1550 violencia
1502 1512 1614 1550 cuius

535 1579 736 1628 Spergitur
766 1585 804 1616 et
834 1583 980 1615 cuncta
1008 1583 1166 1626 torquet
1194 1575 1343 1626 vbique
1372 1577 1469 1615 loca.
1836 1594 1900 1627 590

536 1644 572 1683 O
603 1644 776 1682 vindicta
805 1643 945 1693 grauis,
977 1643 1132 1692 grauior
1161 1655 1250 1692 qua
1280 1643 1410 1680 nulla
1439 1649 1602 1692 perante

537 1710 725 1759 Contigit,
758 1709 863 1747 vnde
892 1708 962 1746 viri
992 1708 1080 1758 plus
1111 1708 1274 1746 doluere
1305 1707 1424 1746 boni!

592 1776 686 1813 Non
716 1774 788 1812 fuit
818 1774 1013 1812 horridior
1042 1774 1176 1822 Egipti
1206 1785 1343 1811 musca
1373 1774 1527 1819 nociua,

539 1841 626 1879 Nec
656 1839 779 1889 magis
809 1839 1003 1888 ingenuos
1032 1839 1168 1877 terruit
1196 1839 1282 1888 ipsa
1312 1839 1427 1886 viros,

539 1906 648 1954 Quin
680 1906 803 1955 magis
833 1905 908 1943 hee
936 1904 1036 1943 furie
1067 1905 1282 1953 penetralia
1310 1912 1454 1943 cuncta
1483 1905 1662 1944 volantes

538 1973 769 2010 Scrutantur
798 1982 877 2020 que
905 1971 996 2008 viris
1025 1970 1122 2009 dant
1152 1977 1394 2009 nocumenta
1423 1969 1567 2020 probis.

540 2038 606 2076 Nil
636 2037 778 2075 seruile
807 2044 941 2074 tamen
971 2036 1122 2083 ledum,
1153 2042 1212 2074 set
1241 2036 1372 2074 ledere
1402 2043 1572 2085 querunt

539 2104 652 2151 Quos
683 2102 807 2151 magis
838 2101 1033 2150 ingenuus
1063 2107 1176 2139 ornat
1205 2101 1246 2138 in
1276 2100 1373 2139 orbe
1402 2108 1549 2141 status:

539 2168 603 2206 Sic
632 2167 769 2204 similis
799 2166 979 2212 similem,
1012 2165 1067 2202 sic
1096 2166 1240 2203 rustica
1268 2166 1527 2204 rusticitatem

537 2231 674 2271 Turba
704 2232 824 2278 iuuat,
857 2230 966 2280 quod
996 2231 1052 2268 eis
1081 2230 1159 2268 sint
1188 2231 1291 2268 mala
1321 2231 1442 2268 mixta
1471 2232 1598 2270 malis.
1836 2240 1902 2273 600

540 2297 799 2337 Conueniunt
829 2309 975 2343 musce,
1007 2308 1126 2345 vaspe
1153 2296 1421 2346 glomerantur
1450 2297 1490 2334 in
1520 2310 1651 2344 vnum,

539 2365 641 2402 Aera
671 2362 910 2401 conturbant
940 2361 1193 2411 improbitate
1223 2374 1305 2399 sua.

538 2430 695 2467 Toruus
725 2434 854 2466 oester
881 2427 1005 2474 adest,
1036 2427 1306 2476 ciniphesque,
1338 2429 1532 2477 cynomia,
1566 2428 1748 2477 bruchus,

540 2493 611 2532 Est
641 2493 785 2543 quibus
816 2500 854 2531 vt
884 2499 1026 2531 noceat
1055 2493 1139 2542 ipsa
1168 2492 1319 2530 locusta
1348 2505 1494 2532 comes,
1698 2488 1702 2494 ’

539 2558 716 2597 Vrbibus
746 2566 784 2598 et
813 2559 913 2597 villis
942 2558 1121 2597 volutant
1151 2557 1237 2596 sine
1265 2559 1351 2607 lege
1379 2566 1578 2608 vagantes,

540 2623 846 2673 Obstabantque
875 2624 955 2661 suis
984 2623 1087 2661 recia
1116 2624 1222 2661 nulla
1251 2623 1349 2661 viis:

539 2690 576 2726 A
606 2701 742 2726 musca
772 2701 909 2727 carnes
938 2696 1033 2727 tunc
1063 2701 1220 2727 servans
1250 2701 1331 2726 non
1361 2689 1433 2726 fuit
1464 2690 1552 2735 olla,

540 2755 620 2792 Vas
651 2754 703 2792 ita
734 2766 806 2793 nec
835 2755 1024 2801 clausum,
1058 2754 1154 2804 quin
1184 2766 1289 2792 noua
1318 2754 1415 2792 rima
1445 2754 1562 2804 patet,

485 2865 550 2904 576
574 2865 810 2906 prestimulant
830 2866 852 2898 S
901 2865 1133 2906 perstimulant
1150 2865 1241 2897 CED
1374 2875 1437 2906 597
1462 2866 1583 2899 ludunt
1599 2868 1661 2899 sed
1679 2867 1797 2900 ludere
1818 2869 1846 2899 D
