2095 3173
357 267 432 304 166

826 263 955 304 VOX
996 260 1354 304 CLAMANTIS

402 748 546 793 Exquo
563 747 770 783 tractauit
787 747 838 783 de
859 756 995 783 errore
1012 747 1121 787 cleri,
1146 746 1200 781 ad
1226 756 1346 791 quern
1370 746 1560 791 precipue
1581 747 1824 781 nostrarum

357 808 523 851 spectat
557 806 741 851 regimen
774 806 1020 848 animarum,
1052 805 1139 839 iam
1170 806 1352 841 intendit
1385 808 1572 841 tractare
1605 806 1655 841 de
1687 815 1827 841 errore

356 867 543 901 virorum
569 865 904 910 Religiosorum:
935 866 979 900 et
1007 865 1142 909 primo
1173 864 1283 899 dicet
1313 865 1363 899 de
1395 864 1630 905 Monachis,
1652 866 1695 899 et
1729 864 1827 899 aliis

357 926 560 959 bonorum
607 924 897 968 temporalium
945 922 1258 968 possessionem
1305 923 1616 967 optinentibus;
1667 923 1828 958 ordinis

357 993 460 1018 vero
507 983 672 1018 illorum
715 982 993 1018 sanctitatem
1034 981 1345 1023 commendans,
1387 982 1484 1017 illos
1526 982 1718 1027 precipue
1759 981 1828 1026 qui

358 1041 574 1076 contraria
598 1041 761 1077 faciunt
785 1051 914 1085 opera
938 1040 1166 1085 redarguit.

260 1289 388 1336 Capm.
416 1286 438 1324 i.

815 1180 977 1229 Incipit
1003 1181 1121 1219 liber
1150 1180 1363 1231 Quartus.

558 1293 628 1324 unt
657 1293 696 1324 et
725 1286 962 1325 claustrales
992 1284 1148 1324 diuerse
1176 1284 1434 1332 condicionis,

586 1352 648 1389 De
678 1350 822 1401 quibus
851 1358 892 1389 vt
921 1350 1032 1401 sapio
1061 1350 1230 1389 scribere
1259 1364 1386 1401 pauca
1414 1352 1515 1389 volo.

472 1419 595 1455 Actus
624 1423 664 1454 vt
693 1416 777 1466 ipse
806 1416 958 1467 probat,
990 1417 1186 1467 quosdam
1215 1416 1412 1467 possessio
1442 1416 1578 1467 signat,

472 1482 681 1531 Quosdam
710 1481 927 1532 pauperies,
955 1489 1014 1520 set
1042 1481 1211 1520 similata
1238 1481 1366 1520 nimis.

473 1549 544 1586 Est
573 1547 680 1585 bona
708 1546 843 1597 religio
871 1547 922 1585 de
952 1560 1004 1594 se,
1036 1554 1094 1584 set
1123 1546 1351 1597 religionem

473 1612 554 1661 Qui
582 1613 732 1659 fallunt,
764 1613 860 1650 tales
890 1610 1059 1650 dicimus
1089 1625 1174 1650 esse
1204 1613 1355 1650 malos:

473 1677 554 1727 Qui
583 1677 686 1715 bene
715 1677 789 1715 sub
818 1678 988 1715 claustro
1016 1676 1155 1715 viuunt
1183 1678 1266 1715 fore
1294 1678 1414 1716 credo
1444 1677 1590 1723 beatos,

474 1744 588 1792 Quos
618 1743 844 1781 mundanus
873 1755 985 1780 amor
1013 1741 1138 1780 nescit
1168 1742 1314 1780 habere
1343 1755 1430 1780 reos
1445 1757 1456 1790 3

473 1807 634 1857 Quique
663 1820 804 1845 manus
834 1814 961 1845 aratro
991 1806 1152 1844 mittunt
1181 1820 1255 1845 nec
1284 1806 1537 1857 respicientes

475 1874 609 1919 Retro,
640 1872 743 1911 viros
772 1880 929 1910 sanctos
959 1873 1057 1911 ordo
1086 1871 1240 1911 notabit
1269 1885 1348 1911 eos.

475 1940 546 1976 Est
576 1939 673 1976 deus
703 1937 743 1975 in
773 1937 990 1985 monachis,
1022 1945 1113 1975 sunt
1142 1945 1180 1976 et
1209 1937 1448 1976 commercia
1475 1937 1549 1976 celi

477 2003 579 2050 Hiis‚
611 2003 696 2041 sinc
725 2002 793 2053 qui
824 2004 976 2041 mundo
1005 2004 1173 2041 claustra
1202 2002 1332 2041 subire
1361 2004 1509 2041 volunt.

477 2069 581 2108 Cum
611 2068 698 2119 quis
727 2081 859 2107 amare
887 2069 969 2106 duo
998 2067 1141 2117 pariter
1169 2067 1363 2106 contraria
1391 2067 1521 2115 sumit,

478 2132 648 2172 Alterius
677 2132 777 2171 vires
807 2133 1001 2171 subtrahit
1029 2134 1126 2171 alter
1154 2146 1291 2170 amor:

480 2198 543 2236 Sic
572 2197 640 2248 qui
669 2206 901 2248 presumunt
930 2197 1048 2235 facies
1078 2199 1227 2236 laruare
1256 2197 1330 2235 sub
1359 2198 1497 2236 vmbra

481 2262 654 2310 Ordinis,
685 2270 723 2301 et
753 2262 893 2301 mundi
921 2262 1086 2300 crimina
1115 2262 1252 2300 subtus
1282 2269 1413 2312 agunt,

479 2327 644 2366 Talibus
673 2327 757 2378 ipse
786 2341 875 2366 mea
902 2328 984 2366 fero
1013 2327 1166 2378 scripta,
1197 2341 1271 2366 nec
1299 2329 1396 2365 alter
1423 2327 1474 2366 ab
1503 2327 1596 2378 ipsis

481 2393 655 2440 Leditur‚
687 2393 810 2431 immo
839 2406 955 2431 suum
985 2392 1153 2442 quisque
1182 2399 1353 2442 reportet
1382 2405 1494 2430 onus.

483 2460 553 2496 Est
581 2458 703 2497 nichil
732 2472 779 2497 ex
808 2471 926 2497 sensu
955 2457 1113 2508 proprio
1143 2458 1252 2507 quod
1282 2457 1422 2504 scribo,
1455 2464 1512 2496 set
1542 2471 1609 2496 ora

481 2525 572 2574 Que
602 2523 721 2562 michi
751 2537 826 2562 vox
854 2522 990 2574 populi
1019 2522 1196 2569 contulit,
1227 2522 1292 2560 illa
1320 2524 1468 2572 loquar.

536 2590 635 2627 Sunt
665 2588 811 2628 etenim
841 2587 1038 2635 monachi,
1070 2587 1268 2638 possessio
1297 2600 1397 2637 quos
1427 2587 1608 2634 titulauit‚

484 2653 670 2703 Quidam,
702 2667 802 2704 quos
831 2653 947 2692 nullis
977 2653 1152 2691 moribus
1182 2653 1280 2690 ordo
1308 2652 1428 2702 ligat3

484 2720 590 2757 Nam
620 2732 864 2769 possessores
893 2719 1013 2769 aliqui
1043 2718 1098 2756 sic
1127 2717 1213 2756 ocia
1241 2725 1410 2767 querunt

485 2783 657 2832 Ordinis,
688 2792 728 2822 vt
757 2792 960 2834 nequeunt
988 2785 1064 2822 vlla
1093 2783 1235 2822 nociua
1265 2782 1365 2833 pati:

486 2850 600 2888 Ferre
628 2850 774 2888 famem
803 2850 968 2900 fugiunt,
999 2849 1171 2899 vinoque
1200 2848 1304 2886 sitim
1333 2849 1611 2899 supermadant,

955 2935 992 2963 14
1016 2924 1193 2956 subtrahet
1209 2923 1267 2954 CE

1799 1888 1838 1909 10

1800 2538 1842 2559 20
