2095 3173
485 195 565 222 210

952 180 1082 221 VOX
1124 177 1485 220 CLAMANTIS

597 287 785 338 Improba
814 299 888 326 nec
917 287 1040 324 iustos
1070 285 1255 323 scandala
1284 284 1378 321 furis
1406 283 1566 321 habent.

596 355 652 393 Sit
682 355 772 392 licet
801 352 1018 391 absurdum
1048 362 1196 388 nomen
1227 349 1452 395 meretricis,
1484 347 1535 386 ab
1566 347 1632 386 illo

597 421 729 468 Quam
759 419 887 468 pudor
916 417 1101 455 obseruat
1130 416 1277 454 semina
1307 415 1414 452 nulla
1443 414 1546 463 capit
1562 427 1571 461 3

597 486 654 523 Sit
683 485 774 522 licet
803 483 960 520 infamis
989 481 1183 526 meretrix,
1213 488 1347 518 tamen
1377 480 1441 517 illa
1470 480 1635 529 pudicas

596 551 690 588 Non
719 549 826 587 fedat
854 548 947 586 fedo
976 547 1139 598 nomine
1167 547 1259 585 feda
1287 559 1370 584 suo.

599 616 680 652 Hic
709 614 850 661 bonus,
883 614 947 651 ille
976 613 1103 650 malus
1133 619 1192 650 est
1220 612 1383 662 angelus
1412 624 1512 649 vnus
1542 616 1581 649 et
1610 610 1718 657 alter,

599 681 686 718 Nec
714 680 816 717 valet
844 679 921 716 vlla
950 678 1041 716 mali
1071 678 1188 727 culpa
1217 689 1360 715 nocere
1388 676 1498 715 bono
1514 690 1525 725 3

601 746 688 784 Nec
717 745 833 783 decet
862 744 1019 781 infamis
1049 755 1198 781 nomen
1227 743 1400 781 mulieris
1430 743 1597 781 honeste

600 811 764 858 Ledere,
794 810 856 848 vel
885 809 1045 847 laudem
1074 809 1211 846 tollere
1240 820 1358 857 posse
1387 820 1510 846 suam.

600 877 740 914 Fetida
770 876 948 925 dumque
977 886 1066 913 rose
1095 886 1137 912 se
1166 875 1305 912 miscet
1335 874 1480 911 invtilis
1510 872 1645 920 herba,

602 943 696 980 Non
725 947 860 979 tamen
890 947 948 979 est
977 941 1052 978 alia
1082 952 1202 989 quam
1232 940 1304 977 fuit
1333 946 1425 976 ante
1453 951 1566 977 rosa:

598 1009 762 1056 Semper
791 1013 873 1045 erat
902 1006 1012 1056 quod
1042 1007 1124 1052 erit,
1155 1005 1221 1043 vbi
1251 1005 1368 1054 culpa
1396 1011 1535 1054 patens
1565 1003 1789 1041 manifestat

603 1072 790 1119 Crimina,
823 1072 940 1121 quale
969 1071 1105 1109 vident
1135 1071 1212 1108 hoc
1241 1082 1341 1120 opus
1371 1082 1439 1108 ora
1468 1075 1628 1107 canunt.

604 1138 726 1186 Quod
756 1144 890 1174 tamen
920 1137 984 1174 hic
1013 1135 1194 1183 scribam,
1227 1136 1275 1173 sit
1305 1136 1416 1173 saluo
1445 1147 1601 1183 semper
1629 1134 1783 1171 honore

604 1203 696 1240 Hiis
725 1202 870 1252 quibus
900 1201 1085 1240 obseruat
1113 1208 1223 1251 gesta
1251 1201 1414 1250 pudoris
1445 1201 1596 1238 honor:

605 1269 711 1317 Ergo
741 1269 849 1318 quod
879 1268 943 1305 hic
972 1268 1109 1317 agitur,
1141 1267 1358 1316 culpandas
1387 1266 1503 1315 culpa
1534 1266 1684 1315 figurat,

607 1335 700 1383 Quo
729 1335 813 1372 laus
843 1334 1052 1372 laudandis
1082 1333 1131 1371 sit
1160 1332 1372 1370 tribuenda
1401 1332 1536 1381 magis.

604 1400 712 1438 Scire
741 1400 890 1437 malum
919 1399 1090 1448 prodest,
1124 1399 1261 1448 pocius
1291 1398 1460 1435 vitemus
1489 1403 1529 1435 vt
1559 1396 1668 1444 illud,

606 1465 745 1503 Labile
774 1477 843 1514 pre
873 1464 1056 1502 manibus
1086 1472 1124 1502 et
1154 1476 1366 1501 caueamus
1396 1463 1478 1501 iter.

662 1531 724 1568 De
753 1530 918 1567 muliere
947 1530 1050 1566 mala
1078 1529 1181 1566 mala
1211 1541 1369 1577 queque
1398 1528 1531 1566 venire
1560 1526 1753 1573 solebant,

607 1596 679 1633 Est
709 1595 856 1633 etenim
887 1595 1006 1644 pestis
1037 1595 1100 1632 illa
1130 1594 1305 1632 secunda
1335 1594 1451 1631 viris:

607 1660 774 1699 Femina
803 1660 919 1698 dulce
948 1660 1097 1696 malum
1127 1665 1314 1704 mentem,
1347 1658 1470 1696 decus
1500 1658 1584 1707 ipsa
1611 1657 1734 1704 virile,

609 1725 780 1775 Frangit,
813 1724 1021 1762 blandiciis
1051 1724 1241 1762 insidiosa
1271 1724 1350 1761 suis
1366 1737 1377 1771 3

608 1792 768 1836 Sensus,
800 1790 975 1836 diuicias‚
1007 1789 1180 1836 virtutes,
1212 1788 1365 1836 robora,
1398 1789 1543 1827 famam

609 1857 661 1894 Et
690 1868 830 1906 pacem
859 1855 974 1893 variis
1003 1854 1207 1892 fraudibus
1237 1855 1321 1903 ipsa
1350 1855 1436 1892 ruit.

610 1922 725 1960 Mille
754 1921 885 1959 modis
915 1920 1021 1968 fallit,
1054 1920 1217 1958 subtiles
1248 1921 1434 1970 milleque
1463 1920 1590 1958 tendit

612 1987 795 2034 Insidias,
826 1999 927 2024 vnus
956 1993 996 2023 vt
1025 1986 1202 2035 capiatur
1231 1986 1364 2024 homo.

612 2052 778 2090 Femina
807 2052 893 2089 talis
923 2051 1029 2089 enim
1058 2051 1226 2100 gemmis
1255 2051 1509 2098 radiantibus,
1541 2062 1647 2098 auro,

611 2116 811 2164 Vestibus,
842 2124 882 2154 vt
912 2117 1036 2165 possit
1064 2116 1208 2162 fallere,
1239 2124 1399 2165 compta
1428 2117 1558 2155 venit:

612 2184 810 2232 Aptantur
839 2188 978 2228 vestes,
1009 2181 1252 2230 restringitur
1282 2188 1366 2219 orta
1395 2182 1579 2228 mamilla,

614 2248 763 2285 Dilatat
792 2246 938 2284 collum
968 2247 1138 2295 pectoris
1168 2246 1266 2284 ordo
1296 2259 1436 2293 suum3

615 2312 802 2352 Crinibus
832 2319 870 2349 et
898 2311 994 2349 velis
1024 2311 1155 2348 tinctis
1185 2318 1303 2360 caput
1333 2318 1456 2358 ornat,
1488 2318 1526 2349 et
1555 2312 1638 2349 eius

615 2379 747 2416 Aurea
775 2390 866 2415 cum
896 2377 1062 2426 gemmis
1092 2388 1238 2425 pompa
1267 2377 1427 2414 decorat
1457 2389 1580 2425 opus:

614 2444 668 2481 Vt
698 2443 822 2492 magis
852 2448 1014 2480 exacuat
1043 2441 1179 2479 oculos
1209 2441 1386 2479 furientis
1416 2442 1455 2478 in
1486 2442 1603 2489 illam,

617 2509 772 2546 Anulus
802 2508 842 2545 in
872 2508 1002 2557 digitis
1032 2519 1132 2544 vnus
1161 2513 1199 2544 et
1227 2507 1324 2544 alter
1354 2507 1436 2544 erit.

619 2575 712 2612 Non
743 2574 814 2612 erit
843 2573 959 2611 huius
990 2585 1089 2622 opus
1118 2572 1249 2609 lanam
1279 2572 1432 2610 mollire
1461 2572 1666 2620 trahendo,

620 2640 687 2677 Set
716 2639 839 2688 magis
868 2645 908 2676 vt
937 2638 1060 2687 possit
1089 2637 1282 2686 prendere
1310 2644 1470 2686 compta
1498 2638 1624 2676 viros:

619 2705 669 2742 Se
698 2715 859 2753 quoque
887 2704 955 2742 dat
984 2703 1133 2752 populo
1163 2702 1302 2740 mulier
1331 2703 1509 2751 speciosa
1537 2703 1752 2741 videndam
1767 2716 1778 2751 3

620 2770 753 2817 Quem
782 2769 899 2806 trahit
928 2781 950 2806 e
979 2768 1112 2806 multis
1142 2767 1302 2805 forsitan
1332 2780 1431 2805 vnus
1462 2768 1543 2805 erit.

902 2852 967 2883 325
991 2844 1081 2883 quod
1098 2843 1161 2874 erit
1178 2842 1202 2874 S
1248 2847 1283 2874 et
1301 2842 1364 2874 erit
1381 2842 1576 2875 CEHGDL

1900 689 1966 721 320

1908 1342 1972 1373 330

1910 1997 1978 2030 340

1913 2652 1979 2685 350
