2095 3173
693 224 882 264 LIBER
922 223 1165 265 SEXTUS

303 329 397 376 Stat,
430 335 488 368 set
516 335 556 367 vt
585 329 648 367 illa
676 329 792 367 lucris
821 329 955 367 fertilis
983 336 1083 368 astet
1111 329 1178 368 eis.

301 394 422 432 Nunc
449 407 540 432 curn
569 395 790 433 causidicus
818 395 985 433 aduerse
1014 395 1074 433 ius
1102 395 1185 433 fore
1212 394 1331 444 partis

299 459 392 507 Scit,
423 466 518 497 tunc
547 460 719 498 cautelas
748 468 938 509 prouocat
967 460 1051 509 ipse
1080 472 1193 499 suas:

300 525 423 572 Quod
451 525 588 574 nequit
616 537 663 563 ex
691 525 787 574 lege,
818 525 980 563 cautelis
1009 525 1171 575 derogat
1200 525 1294 574 ipse,

299 589 403 628 Cum
433 597 603 639 nequeat
631 602 790 627 causam
819 590 986 637 vincere,
1017 598 1130 628 vexat
1159 603 1270 629 eam:

297 654 338 692 Si
368 661 501 692 tamen
531 655 633 692 hanc
660 655 802 702 vincat,
833 667 920 693 mos
949 655 1067 704 exigit
1095 661 1133 693 et
1162 656 1284 694 modo
1313 662 1458 705 prestat

298 720 414 768 Legis
443 720 589 757 sensati
618 732 767 757 nomen
796 719 942 758 habere
971 719 1069 758 sibi:

298 785 402 822 Nam
431 784 506 822 nisi
536 785 697 822 cautelis
726 785 876 823 laruare
905 785 1001 823 sciat
1029 785 1103 823 sibi
1133 786 1249 836 leges,

295 850 412 887 Tunc
441 850 575 888 dicent
603 850 678 896 alii,
711 850 845 888 deficit
872 858 982 889 actus
1013 851 1059 889 ei.

296 915 361 952 Sic
389 921 499 953 actus
530 915 614 952 falsi
643 915 747 964 leges
777 915 1021 954 confundere
1049 917 1129 954 veri

296 981 488 1027 Preualet‚
520 988 558 1018 et
587 981 696 1018 lucro
726 980 813 1029 plus
843 981 947 1029 capit
977 980 1070 1019 inde
1099 994 1197 1029 suo;

294 1045 359 1083 Sic
387 1058 478 1083 cum
508 1045 729 1083 causidicus
759 1045 873 1083 fuerit
902 1046 1131 1095 sapiencior‚
1163 1046 1287 1084 auctis

296 1111 442 1160 Legem
472 1110 634 1148 cautelis
664 1111 850 1160 opprimit
880 1111 964 1160 ipse
993 1112 1085 1149 suis.

295 1176 359 1214 Sic
387 1176 448 1214 lex
476 1188 547 1225 pro
575 1176 700 1214 forma
728 1182 846 1225 patet,
879 1183 917 1214 et
945 1176 1098 1215 cautela
1126 1177 1250 1225 perita

294 1241 379 1279 Stat
408 1253 479 1290 pro
509 1241 670 1278 materia
699 1241 862 1290 iuraque
889 1241 1011 1279 vincit
1039 1254 1096 1279 ea.

348 1307 440 1344 Hec
469 1313 527 1344 est
556 1306 736 1355 linguosa
763 1317 871 1355 gens,
903 1318 982 1355 que
1010 1306 1093 1344 vult
1122 1306 1291 1355 litigiosa

294 1372 343 1409 In
371 1371 476 1409 falsis
505 1372 633 1409 causis
662 1371 874 1409 vociferare
903 1372 1036 1421 magis.

291 1437 388 1474 Vult
416 1436 491 1474 sibi
519 1436 742 1475 causidicus
772 1448 927 1475 seruare
956 1436 1123 1474 modurn
1153 1436 1377 1482 meretricis,

292 1502 383 1550 Que
412 1501 486 1539 nisi
516 1502 564 1539 sit
593 1501 746 1539 donum
775 1500 899 1539 nescit
928 1513 1060 1540 amare
1089 1501 1226 1548 virum,

292 1568 363 1605 Est
394 1574 443 1614 et,
474 1573 514 1604 vt
543 1566 627 1616 ipse
656 1566 777 1613 vides,
810 1578 966 1616 semper
995 1567 1142 1604 venalis
1171 1566 1223 1605 ad
1253 1578 1391 1604 omnes
1406 1579 1416 1613 3

289 1633 442 1670 Aurum
472 1632 504 1669 si
533 1631 608 1670 sibi
634 1632 717 1679 des,
748 1644 890 1681 corpus
919 1631 1064 1670 habere
1093 1638 1218 1681 potes.

290 1698 414 1736 Cuius
443 1697 550 1735 enim
578 1698 731 1747 generis
760 1704 827 1735 aut
856 1697 1004 1735 ordinis
1033 1704 1092 1735 est
1120 1698 1242 1735 homo
1272 1708 1468 1745 nusquam

290 1763 422 1810 Curat,
454 1763 550 1800 dum
580 1762 723 1811 poterit
752 1762 943 1811 quicquid
972 1762 1118 1800 habere
1146 1763 1253 1800 lucri.

289 1829 344 1866 Vt
372 1828 435 1865 via
463 1827 685 1865 communis
714 1833 814 1864 astat
844 1827 975 1864 Rome
1004 1827 1228 1876 peregrinis,

290 1893 372 1941 Qui
400 1893 564 1931 veniunt
593 1892 736 1929 sanctis
765 1891 930 1929 reddere
958 1897 1049 1928 vota
1077 1891 1173 1928 locis
1188 1905 1199 1938 3

291 1959 362 1996 Est
390 1958 444 1995 ita
472 1957 639 2007 vulgaris
668 1956 854 1994 domibus
884 1956 944 1994 via
972 1956 1277 2003 causidicorum,

290 2023 382 2071 Qua
410 2022 586 2072 graditur
614 2022 784 2070 populus
814 2021 1001 2070 donaque
1030 2021 1158 2059 reddit
1188 2021 1255 2058 eis.

290 2088 395 2126 Nam
425 2087 530 2125 velut
559 2087 711 2136 antiqui
741 2086 864 2123 iustos
895 2086 1083 2123 strinxere
1112 2086 1265 2132 tiranni,

289 2153 371 2201 Qui
400 2158 612 2190 renuerunt
641 2152 716 2189 diis
745 2151 910 2189 reddere
939 2151 1052 2188 thura
1082 2151 1173 2197 suis,

288 2218 352 2256 Sic
381 2217 503 2255 modo
533 2216 754 2254 causidicus
784 2216 934 2254 vicinos
964 2216 1115 2265 stringit
1143 2227 1295 2262 auarus,

288 2283 368 2331 Qui
403 2289 493 2320 sunt
522 2282 633 2320 inviti
662 2283 760 2320 ferre
790 2281 936 2319 tributa
965 2281 1050 2328 sibi,

286 2348 351 2386 Sic
379 2348 495 2386 video
523 2348 690 2396 populos
720 2346 842 2384 modo
871 2347 1089 2384 sacrificare
1116 2351 1275 2384 coactos

288 2413 501 2452 Causidico
529 2413 636 2462 legis,
667 2425 718 2451 ne
747 2413 849 2451 male
883 2413 950 2450 fiat
980 2412 1047 2450 eis.

287 2479 454 2516 Diuerse
481 2485 628 2527 gentes,
659 2484 699 2515 vt
728 2478 870 2516 sufficit
898 2477 982 2526 ipsa
1010 2476 1184 2523 facultas,
1215 2481 1217 2485 ⁴

288 2543 458 2581 Munera
485 2543 640 2581 diuersa
669 2544 764 2581 dant
793 2543 868 2581 sibi
898 2555 991 2592 sepe
1021 2554 1146 2580 noua:

286 2609 487 2648 Conuenit
516 2608 638 2646 immo
667 2608 749 2656 tibi,
781 2609 934 2647 donum
964 2608 996 2645 si
1025 2607 1160 2645 deficit
1188 2606 1281 2653 auri,

285 2675 436 2711 Munus
465 2680 504 2711 vt
534 2674 682 2722 argenti
710 2675 781 2712 des
811 2679 1034 2711 reuerenter
1063 2672 1123 2719 ei;

286 2739 326 2777 Si
355 2744 488 2776 tamen
517 2745 720 2787 argentum
749 2751 831 2776 non
860 2746 929 2785 est,
961 2737 1127 2776 exennia
1155 2736 1276 2786 prebe

286 2803 361 2851 Illi,
391 2815 510 2852 quem
541 2803 660 2841 saciat
688 2810 746 2841 est
775 2803 884 2853 quod
913 2804 953 2840 in
983 2802 1078 2840 orbe
1108 2802 1239 2840 nichil.

610 2887 649 2918 31
675 2888 748 2909 mos
767 2878 955 2910 SCEHGT
1000 2888 1079 2909 mox
1096 2877 1210 2908 DLH2

1576 239 1651 277 231

1614 583 1656 636 3'0

1612 1256 1654 1286 40

1607 1907 1649 1937 50

1600 2547 1643 2579 60
