2095 3173
698 218 886 260 LIBER
925 217 1167 259 SEXTUS
1583 229 1665 267 249

309 327 419 375 Quid
449 325 520 364 tibi
549 325 675 364 forma
695 325 803 363 iuuat
831 324 894 363 vel
922 323 1058 362 nobile
1087 336 1235 362 nomen
1264 324 1456 369 Auorum,

307 392 347 430 Si
376 391 484 429 viciis
514 403 649 428 seruus
678 391 803 428 factus
832 402 873 428 es
903 390 986 438 ipse
1014 389 1120 427 tuis?
1599 393 1665 434 630

308 457 460 494 Doctor
489 455 701 493 Alexandri
732 455 870 504 Magni
900 466 1043 503 prauos
1072 453 1147 491 sibi
1176 465 1306 492 mores

308 521 494 559 Primitus
525 521 695 567 edocuit,
727 520 823 558 dum
853 531 951 568 puer
979 520 1063 568 ipse
1092 519 1188 557 fuit:

307 587 395 624 Rex
424 598 521 635 puer
549 587 623 624 hec
653 585 802 632 didicit,
833 596 911 634 que
940 591 1029 633 post
1058 585 1155 622 dum
1184 584 1423 622 dedidicisse

306 652 546 701 Temptauit,
578 635 728 700 primus
756 649 886 688 obstat
914 649 1060 687 abusus
1090 650 1149 688 ei:

309 716 414 754 Vicit
443 716 668 754 Alexander
697 715 860 753 Darium
892 715 1009 752 simul
1039 721 1076 752 et
1106 714 1353 762 Babilonem,

309 782 376 820 Set
406 782 543 831 nequit
573 781 808 830 impressum
837 780 994 818 vincere
1023 779 1143 817 corde
1171 779 1332 817 malum.

310 847 449 896 Nuper
478 848 518 883 in
548 846 737 895 exemplis
767 846 1007 895 scripserunt
1036 846 1091 883 sic
1121 845 1329 894 sapientes,

313 912 436 961 Quod
465 913 571 962 prius
601 912 800 960 imbuerit,
828 918 928 949 testa
957 918 1092 949 tenere
1121 911 1247 949 solet:

311 978 409 1025 Rex,
442 978 556 1027 igitur
585 978 706 1015 cicius
735 977 904 1015 viciosos
933 977 1035 1026 pelle
1064 982 1248 1022 remotos,

311 1043 416 1080 Nam
445 1043 509 1080 vix
537 1049 650 1092 turpe
678 1049 790 1080 vetus
819 1042 944 1079 nescit
972 1040 1080 1079 abire
1109 1041 1224 1078 foras.
1607 1045 1672 1086 640

312 1108 461 1146 Plaude
491 1107 617 1154 bonis,
649 1107 740 1157 fuge
769 1119 980 1156 prauorum
1010 1106 1225 1153 consorcia,
1258 1104 1389 1143 labem

312 1174 375 1212 De
404 1173 492 1223 pice
521 1180 684 1210 tractata
713 1172 908 1210 contrahit
939 1183 1028 1221 egra
1056 1183 1210 1209 manus.

251 1315 329 1349 Hic
366 1314 549 1358 loquitur
590 1313 769 1358 qualiter
810 1323 885 1347 rex
924 1312 1004 1347 sibi
1046 1312 1153 1345 male
1195 1310 1464 1346 consulentes
1505 1308 1674 1343 caucius

204 1374 375 1416 euitare,
400 1373 718 1417 proditoresque
752 1372 872 1415 regni
910 1372 974 1406 sui
1012 1371 1180 1415 penitus
1222 1370 1477 1411 extinguere,
1504 1377 1675 1402 suorum

204 1433 336 1466 eciam
356 1432 623 1467 conditiones
642 1431 928 1466 ministrorum
947 1429 1193 1473 diligencius
1211 1428 1485 1470 inuestigare,
1504 1429 1546 1461 et
1569 1436 1676 1469 quos

204 1493 326 1525 extra
350 1490 561 1525 iusticiam
581 1492 773 1524 errantes
796 1488 1016 1530 inuenerit,
1035 1488 1177 1522 debita
1200 1497 1311 1531 pena
1329 1486 1537 1529 corrigere
1554 1485 1675 1519 debet

204 1552 246 1585 et
263 1550 499 1585 districcius
518 1549 740 1592 castigare.

50 1622 52 1646 รท
89 1630 216 1679 Capm.
240 1632 289 1668 ix.

371 1630 562 1669 Sordibus
591 1630 802 1680 implicitos
830 1629 1029 1679 falsosque
1057 1628 1217 1666 cauebis
1245 1627 1407 1674 amicos,

315 1695 396 1744 Qui
424 1701 492 1733 tua
520 1695 753 1744 deposcunt,
785 1701 824 1732 te
853 1706 927 1732 nec
956 1706 1087 1732 amare
1116 1694 1277 1731 volunt:

315 1761 469 1799 Blanda
498 1761 728 1798 dolosorum
757 1759 881 1809 fugias
911 1771 980 1808 per
1008 1757 1129 1797 verba
1158 1758 1294 1806 leuari,

317 1826 380 1863 Ne
409 1825 578 1874 speciale
606 1832 719 1862 tuum
749 1836 896 1861 nornen
925 1823 977 1861 ad
1005 1835 1095 1872 yma
1124 1828 1260 1860 ruant:

316 1889 450 1928 Verba
479 1890 595 1927 nimis
624 1890 763 1928 leuiter
792 1889 927 1926 audire
956 1900 1034 1937 que
1062 1887 1222 1925 credere
1251 1887 1357 1925 dicta

318 1955 420 2004 Sepe
449 1966 712 2003 supervacuos
741 1953 845 2003 cogit
875 1953 972 1990 inire
1000 1959 1141 1991 metus

317 2020 389 2057 Vir
417 2019 485 2069 qui
515 2019 618 2056 bella
646 2025 792 2065 mouet,
824 2018 891 2067 qui
920 2017 1061 2066 predas
1090 2016 1271 2064 consulit,
1303 2022 1341 2055 et
1367 2016 1435 2065 qui

318 2084 529 2134 Conspirat
558 2091 665 2122 taxas
694 2083 821 2133 plebis
851 2082 997 2121 habere
1025 2089 1103 2129 tue,
1614 2086 1678 2127 650

319 2149 356 2189 O
385 2161 462 2197 rex,
494 2162 563 2187 oro
592 2155 679 2187 tuas
710 2149 819 2199 quod
847 2148 1008 2186 claudas
1037 2145 1182 2185 talibus
1211 2159 1336 2193 aures,

322 2215 384 2253 Ne
413 2221 480 2252 tua
506 2214 692 2252 nobilitas
722 2215 802 2253 lesa
830 2214 984 2252 fatiscat
1013 2213 1080 2251 eis.

321 2280 543 2319 Consilium
572 2280 700 2329 regale
728 2287 841 2318 tuum
870 2279 926 2317 vir
955 2278 1086 2316 nullus
1115 2290 1256 2315 auarus

322 2347 487 2395 Tangat,
518 2352 577 2384 set
607 2345 703 2383 tales
732 2345 869 2383 mortis
897 2344 949 2382 ad
978 2344 1100 2381 instar
1128 2341 1243 2380 habe.

323 2411 429 2449 Illud
458 2411 498 2448 in
528 2410 624 2449 orbe
652 2411 801 2448 malurn
830 2422 912 2448 non
942 2415 1011 2456 est,
1043 2408 1169 2457 quod
1197 2406 1358 2445 cordis
1388 2406 1518 2444 auari

324 2476 417 2514 Non
445 2476 538 2514 latet
567 2476 607 2513 in
636 2476 745 2523 cella,
776 2475 873 2513 dum
903 2475 982 2512 sitit
1011 2474 1104 2511 inde
1133 2472 1310 2509 lucrum:

324 2541 515 2579 Ambulat
543 2542 583 2578 in
612 2540 796 2588 tenebris,
827 2552 928 2590 opus
957 2544 1112 2577 exercet
1141 2536 1406 2584 tenebrarum,

325 2606 423 2645 Odit
452 2613 490 2644 et
519 2606 722 2655 impugnat
751 2605 806 2643 nil
835 2605 909 2643 nisi
938 2604 1046 2653 pacis
1075 2614 1188 2652 opus.

327 2672 408 2720 Qui
437 2671 516 2710 mel
544 2671 584 2708 in
614 2683 680 2709 ore
708 2683 858 2720 gerens,
890 2677 948 2708 set
977 2669 1128 2706 habens
1157 2667 1198 2704 in
1226 2667 1347 2705 corde
1375 2678 1587 2713 venenum,

327 2738 438 2775 Pacis
468 2736 587 2774 habet
616 2735 793 2784 verbum,
821 2741 955 2773 mente
985 2733 1163 2772 notando
1192 2732 1354 2780 malum,
1617 2736 1681 2768 660

566 2823 648 2862 Cap.
668 2822 711 2854 ix.
730 2822 888 2863 Heading
903 2833 917 2853 1
937 2831 998 2852 rex
1013 2831 1078 2850 om.
1096 2819 1123 2849 C

567 2876 631 2915 652
654 2874 795 2906 fatescat
812 2873 846 2906 H
1000 2873 1065 2913 658
1090 2872 1290 2912 impungnat
1307 2870 1331 2902 S
