2095 3173
47 2582 54 2622 ἰ,

46 2640 50 2684 ἰ

44 2686 49 2711 ι

599 215 911 256 CAPITULA
951 215 1122 255 LIBRI
1166 216 1378 256 TERCII
1737 232 1764 268 9

379 320 429 359 de
450 321 592 359 talibus
613 321 761 367 saltem,
781 321 847 369 qui
870 333 950 358 non
973 328 1130 370 propter
1151 322 1393 359 mundiciam
1417 330 1454 360 et
1475 323 1623 361 ordinis
1644 323 1762 361 hone·

378 392 530 433 statem,
553 393 610 424 set
630 392 790 435 propter
816 386 955 424 mundi
977 387 1062 424 ocia
1082 387 1247 436 gradum
1269 387 1546 436 presbiteratus
1573 396 1763 437 appetunt

377 458 415 488 et
435 457 651 488 assumunt.
711 452 762 489 Et
783 452 910 501 primo
931 451 1027 490 dicit
1047 452 1097 489 de
1119 452 1193 490 illis
1213 453 1280 502 qui
1301 465 1372 502 pro
1393 453 1538 491 diuinis
1565 453 1762 491 celebran-

377 516 437 553 dis
458 517 658 554 excessiue
679 529 720 555 se
741 517 930 554 vendunt.

161 580 294 629 Capm.
314 580 386 618 xxi.
420 581 502 619 Hic
522 581 695 630 loquitur
712 582 762 620 de
778 589 968 620 consueta
989 581 1293 631 presbiterorum
1311 584 1523 633 voluptate,
1541 590 1580 621 et
1596 583 1762 632 qualiter

375 645 429 682 hii
460 646 656 695 stipendia
684 646 812 696 plebis
847 659 894 685 ex
924 647 1199 686 conuencione
1229 656 1441 696 sumentes,
1473 649 1662 687 indeuote
1691 660 1761 697 pro

377 710 541 748 mortuis
555 711 706 749 orando
720 724 801 749 non
815 723 857 749 se
871 710 1004 750 debite
1017 711 1068 750 ad
1081 713 1261 762 suffragia
1275 720 1519 751 mortuorum
1533 720 1757 752 exonerant.

161 774 288 823 Capm.
312 775 400 813 xxii.
433 776 515 813 Hic
549 782 686 814 tractat
720 789 891 823 causam,
928 788 1048 825 quare
1081 777 1225 815 accidit
1254 778 1363 826 quod
1393 778 1491 824 laici,
1523 778 1633 827 quasi
1668 779 1760 816 iuris

373 840 500 887 amici,
524 841 673 878 luxurie
694 839 999 890 presbiterorum
1027 842 1358 880 consuetudinem
1382 842 1648 890 abhorrentes,
1672 856 1758 881 eam

372 905 608 943 multociens
629 906 864 955 castigantes
884 907 1052 955 grauiter
1070 907 1258 956 affligunt.

158 968 287 1018 Capru.
312 970 412 1007 xxiii.
446 970 526 1008 Hic
548 970 680 1008 scribit
701 977 837 1008 contra
853 971 928 1009 hoc
945 971 1054 1020 quod
1069 971 1189 1020 aliqui
1206 971 1409 1020 presbiteri
1431 972 1578 1018 dicunt,
1595 972 1760 1020 qualiter

371 1035 445 1084 ipsi
476 1036 515 1072 in
543 1036 669 1073 carnis
699 1036 889 1073 luxuriam
919 1035 1208 1073 committendo
1236 1048 1315 1073 non
1345 1036 1501 1085 grauius
1530 1036 1758 1074 hominibus

370 1100 478 1138 laicis
500 1100 619 1138 deum
641 1100 859 1138 offendunt.

156 1162 286 1212 Capm.
309 1165 423 1202 xxiiii.
458 1166 539 1202 Hic
560 1164 747 1203 describit
769 1165 935 1213 qualiter
955 1164 1089 1202 onmia
1110 1170 1148 1202 et
1169 1164 1320 1213 singula
1336 1176 1414 1213 que
1436 1165 1649 1202 sacerdocii
1667 1178 1756 1204 con-

372 1236 539 1268 cernunt
560 1230 732 1267 officium
754 1241 895 1278 magne
916 1229 1066 1267 virtutis
1087 1229 1259 1267 misteria
1279 1229 1498 1278 designant.
1556 1230 1607 1267 Et
1627 1231 1755 1279 primo

371 1295 476 1332 dicet
506 1295 557 1332 de
582 1294 757 1332 vestibus
785 1293 1095 1332 sacerdotalibus
1123 1306 1170 1332 ex
1198 1301 1360 1343 Vtraque
1385 1294 1469 1344 lege
1498 1294 1551 1332 ob
1578 1295 1754 1333 diuinam

369 1359 634 1397 reuerenciam
657 1365 929 1408 competenter
948 1358 1160 1407 dispositis.

153 1423 283 1474 Capm.
305 1437 389 1462 xxv.
422 1425 503 1462 Hic
530 1425 704 1475 loquitur
730 1424 896 1474 qualiter
924 1424 1113 1461 sacrificia
1142 1425 1193 1463 de
1222 1424 1342 1462 veteri
1372 1425 1456 1474 lege
1485 1425 1592 1462 altari
1622 1424 1753 1463 debita

365 1491 522 1528 suerunt
543 1490 583 1527 in
604 1490 725 1539 figura
745 1490 796 1527 ad
817 1490 1043 1538 exemplum
1061 1502 1168 1526 nunc
1189 1502 1294 1527 noue
1310 1489 1404 1538 legis
1425 1489 1729 1538 presbiterorum
1746 1503 1752 1526 :

369 1555 464 1592 dicit
495 1555 693 1593 vlterius
723 1555 889 1604 qualiter
919 1554 1064 1592 eciam
1100 1567 1151 1592 ex
1183 1561 1346 1603 vtraque
1376 1554 1460 1603 lege
1491 1555 1753 1594 sacrificantes

363 1620 473 1657 altari
494 1620 643 1658 debent
664 1632 749 1658 esse
770 1619 855 1658 sine
876 1619 1040 1656 macula.

151 1683 279 1733 Capm.
303 1685 402 1722 xxvi.
433 1685 514 1723 Hic
535 1685 707 1735 loquitur
727 1685 836 1734 quod
857 1690 939 1722 etas
960 1683 1168 1731 sufficiens,
1191 1684 1418 1733 priusquam
1439 1684 1603 1733 gradum
1631 1696 1753 1722 sacer·

365 1750 469 1788 docii
501 1749 574 1788 sibi
603 1756 788 1797 assumat,
820 1750 860 1787 in
887 1749 1049 1787 homine
1076 1749 1306 1798 requiritur:
1347 1749 1519 1798 loquitur
1548 1750 1673 1787 eciam
1700 1750 1751 1787 de

364 1827 525 1853 suorum
546 1828 678 1853 rasura
694 1816 874 1865 pilorum,
898 1820 937 1852 et
957 1814 1052 1852 dicit
1073 1814 1182 1863 quod
1203 1814 1294 1851 talia
1315 1813 1354 1850 in
1375 1814 1528 1863 signum
1551 1815 1752 1853 mundicie

363 1887 400 1918 et
432 1881 647 1918 sanctitatis
668 1880 888 1929 specialiter
908 1878 1131 1927 presbiteris
1152 1878 1405 1915 conveniunt.
1466 1878 1573 1916 Dicit
1592 1879 1750 1917 vlterius

365 1945 475 1993 quod
501 1944 706 1993 presbiteri
726 1957 749 1982 a
769 1943 885 1982 bonis
907 1955 987 1980 non
1008 1942 1156 1981 debent
1177 1954 1263 1979 esse
1284 1941 1469 1991 operibus
1488 1943 1621 1980 ociosi.

150 2008 281 2057 Capm.
303 2010 417 2047 xxvii.
448 2010 530 2047 Hic
576 2009 749 2059 quuitur
787 2008 838 2046 de
876 2007 1181 2056 presbiterorum
1229 2006 1420 2055 dignitate
1464 2007 1664 2055 spirituali,
1712 2015 1749 2045 et

363 2075 531 2124 qualiter
552 2075 616 2122 hii,
637 2075 666 2112 si
689 2073 792 2112 bene
812 2080 930 2122 agant
951 2085 1020 2110 sua
1041 2071 1180 2118 officia,
1200 2071 1286 2120 plus
1306 2071 1390 2108 aliis
1412 2072 1646 2120 proficiunt3
1675 2072 1749 2110 sin-

361 2146 507 2186 autem,
539 2139 590 2178 de
620 2139 699 2177 suis
729 2138 842 2176 malis
872 2137 1060 2186 exemplis
1089 2135 1348 2185 delinquendi
1379 2136 1501 2185 magis
1529 2136 1749 2175 ministrant

361 2204 600 2243 occasiones.

147 2302 277 2352 Capffl.
298 2303 424 2340 xxviii.
458 2304 675 2354 Postquam
720 2302 817 2341 dixit
856 2301 906 2339 de
945 2312 1072 2338 errore
1111 2299 1265 2336 illorum
1306 2299 1373 2348 qui
1412 2300 1512 2337 inter
1556 2301 1747 2340 seculares

363 2368 579 2407 sacerdocii
621 2367 882 2406 ministerium
930 2364 1005 2403 sibi
1049 2372 1357 2413 assumpserunt,
1404 2365 1573 2403 intendit
1618 2366 1747 2405 dicere

361 2434 585 2472 secundum
624 2440 780 2482 tempus
819 2443 927 2470 nunc
972 2431 1022 2469 de
1054 2441 1181 2468 errore
1220 2429 1440 2477 scolarium,
1477 2430 1543 2478 qui
1582 2431 1747 2469 ecclesie

359 2499 535 2548 plantule
555 2499 750 2536 dicuntur.

145 2562 274 2612 Capm.
297 2564 395 2601 xxix.
429 2563 510 2601 Hic
525 2563 651 2613 querit
673 2575 844 2609 causam,
861 2573 938 2611 que
954 2559 1163 2598 scolarium
1178 2558 1332 2595 animos
1345 2558 1396 2596 ad
1409 2559 1588 2597 ordinem
1603 2560 1745 2608 presbi-

359 2635 507 2666 teratus
521 2628 817 2677 suscipiendum
831 2625 1000 2665 inducit:
1022 2630 1099 2662 tres
1114 2622 1219 2660 enim
1234 2634 1370 2660 causas
1384 2623 1569 2673 precipue
1581 2625 1721 2674 allegat
1736 2640 1746 2673 3

359 2699 497 2730 tractat
519 2693 643 2730 eciam
665 2693 716 2731 de
736 2700 873 2742 quarta
894 2702 1022 2736 causa,
1046 2699 1123 2737 que
1144 2699 1228 2724 raro
1248 2687 1298 2724 ad
1320 2700 1481 2738 presens
1501 2690 1704 2739 contingit.

545 2774 805 2821 Explieiunt
833 2774 1043 2822 Capitula
1072 2774 1173 2812 libri
1201 2773 1345 2812 tercii.

401 2861 484 2894 xxii.
502 2871 521 2892 2
541 2860 563 2892 S
582 2871 726 2892 risnmcs
856 2861 956 2901 After
972 2861 1054 2902 Cap.
1072 2860 1166 2892 xxvii
1184 2871 1226 2891 no
1242 2865 1333 2901 space
1347 2859 1473 2891 CEGD
