2095 3173
489 221 822 262 PROLOGUS
865 221 1037 262 LIBRI
1080 222 1293 263 TERCII
1546 237 1621 275 103

270 326 364 364 Non
393 332 515 365 status
545 327 585 364 in
614 327 730 377 culpa
758 339 846 366 reus
877 334 946 375 est,
978 335 1036 366 set
1065 329 1394 379 transgredientes

268 393 305 428 A
333 392 474 431 virtute
503 399 636 439 status,
668 393 784 442 culpa
812 400 1002 443 repugnat
1031 393 1100 432 eis.

268 456 391 504 Quod
420 457 557 495 dicunt
585 458 650 495 alii
679 458 858 505 scribam,
891 459 983 508 quia
1012 459 1106 497 nolo
1135 459 1244 509 quod
1272 460 1338 498 vlli

267 521 433 559 Sumant
462 522 567 560 istud
596 534 696 571 opus
725 522 775 561 de
804 523 980 561 nouitate
1009 536 1107 562 mea.

267 586 348 634 Qui
377 587 509 635 culpat
537 587 637 624 vicia
664 587 825 625 virtutes
853 588 997 635 laudat,
1028 595 1068 626 vt
1097 589 1190 627 inde

267 650 350 688 Stet
379 650 502 700 magis
532 651 616 699 ipse
645 650 774 689 bonus
804 651 844 688 in
875 651 1053 690 bonitate
1084 666 1179 692 sua:
1579 672 1622 702 30

266 715 319 752 Vt
348 721 455 764 patet
485 715 713 764 oppositum
743 716 861 765 nigris
891 718 1136 756 manifestius
1165 718 1312 766 album,

267 780 331 818 Sic
360 779 465 818 bona
495 792 586 817 cum
617 781 725 818 viciis
755 788 847 819 sunt
876 783 1072 831 patefacta
1102 784 1252 833 magis:

266 845 329 883 Ne
356 851 492 894 grauet
521 857 612 894 ergo
641 844 782 893 bonos,
814 852 948 896 tangat
978 848 1009 885 si
1039 849 1203 897 scriptor
1231 849 1400 899 iniquos,

266 909 464 947 Ponderet
493 909 569 947 hoc
598 910 728 948 cordis
759 911 848 948 lanx
877 913 1067 961 pacientis
1097 925 1222 952 onus:

266 975 369 1013 Vera
399 981 544 1024 negant
574 974 693 1024 pingi,
725 976 818 1024 quia
847 989 937 1014 vera
966 977 1109 1015 relacio
1140 977 1257 1016 scribi

266 1039 409 1086 Debet,
441 1052 522 1077 non
552 1039 688 1078 blandi
717 1040 813 1078 falsa
842 1041 999 1090 loquela
1028 1042 1120 1080 doli.

264 1105 303 1143 Si
333 1117 411 1154 qua
439 1105 560 1142 michi
589 1105 734 1144 sintilla
761 1106 861 1144 foret
889 1118 1038 1154 sensus,
1069 1119 1207 1156 precor
1234 1108 1340 1145 illam

264 1170 329 1208 Ad
358 1170 562 1207 cumulum
591 1169 739 1207 fructus
768 1177 908 1219 augeat
937 1171 1001 1209 ille
1031 1171 1155 1209 deus:

264 1234 304 1272 Si
334 1246 412 1283 qua
441 1233 536 1271 boni
567 1234 757 1282 scriptura
786 1240 905 1281 tenet,
938 1235 1014 1273 hoc
1044 1236 1132 1273 fons
1161 1235 1350 1274 bonitatis

264 1300 389 1338 Stillet
418 1299 566 1348 detque
594 1299 693 1337 deus
722 1311 800 1348 que
828 1298 936 1337 bona
964 1299 1108 1338 scribat
1137 1301 1286 1339 homo:
1577 1320 1621 1348 40

263 1364 489 1402 Fructificet
516 1364 615 1402 deus
644 1363 684 1401 in
713 1364 862 1402 famulo
891 1377 970 1414 que
998 1365 1141 1414 scripta
1169 1365 1372 1413 iuuabunt,

264 1430 394 1479 Digna
423 1429 616 1467 ministret
646 1429 768 1467 homo
797 1430 958 1477 semina,
990 1442 1109 1480 grana
1139 1430 1249 1468 deus.

263 1495 375 1533 Mole
404 1495 457 1532 rei
487 1495 612 1532 victus
641 1494 766 1533 fateor
794 1494 1023 1542 succumbo,
1057 1501 1115 1534 set
1144 1495 1270 1544 ipsam

263 1560 360 1608 Spes
390 1559 509 1597 michi
540 1559 734 1608 promittit
763 1559 946 1598 claudere
976 1560 1055 1598 fine
1085 1559 1219 1599 bono:

262 1625 384 1674 Quod
408 1637 497 1674 spes
526 1624 728 1674 promittit,
759 1637 870 1663 amor
897 1625 1151 1674 amplexatur,
1184 1625 1336 1675 vtrique

261 1690 543 1740 Auxiliumque
571 1690 670 1729 fides
700 1690 989 1739 consiliumque
1017 1690 1133 1738 facit3

262 1755 450 1805 Suggerit‚
482 1755 651 1804 instigat,
684 1756 834 1803 suadet,
865 1756 1117 1804 fructumque
1145 1754 1289 1794 laboris

262 1821 451 1870 Spondet,
483 1826 522 1858 et
550 1820 752 1867 exclamat,
785 1820 959 1869 ‘Incipe,
991 1820 1058 1857 fiet
1087 1820 1211 1868 opus.'

316 1886 410 1934 Quo
439 1885 568 1923 minor
596 1892 655 1923 est
684 1897 822 1922 sensus
851 1897 975 1930 meus,
1006 1884 1110 1922 adde
1139 1890 1262 1931 tuum,
1295 1884 1403 1931 deus,
1431 1892 1469 1924 et
1499 1886 1559 1933 da,

262 1950 355 1997 Oro,
388 1950 473 1999 pios
502 1950 632 1988 vultus
661 1950 712 1988 ad
741 1962 829 1988 mea
857 1955 950 1987 vota
979 1955 1094 1986 tuos:
1574 1967 1617 1998 50

261 2016 315 2053 Vt
344 2015 465 2052 nichil
493 2014 659 2064 abrupte
689 2013 780 2052 sibi
810 2019 1020 2063 presumat
1050 2013 1159 2051 stilus
1190 2014 1272 2060 iste,

262 2080 325 2117 Da
354 2079 509 2118 veniam
538 2085 667 2128 cepto,
699 2084 749 2125 te,
780 2078 890 2124 deus,
922 2090 1002 2124 oro,
1034 2090 1137 2117 meo.

262 2145 356 2182 Non
386 2156 460 2193 ego
490 2144 660 2182 sidereas
688 2144 831 2181 affecto
861 2149 1020 2192 tangere
1049 2143 1176 2189 sedes,

261 2208 439 2247 Scribere
468 2220 543 2247 nec
572 2208 717 2246 summi
747 2208 901 2245 mistica
930 2219 1053 2256 quero
1082 2207 1190 2256 poli,

261 2273 329 2311 Set
358 2273 493 2322 magis,
525 2273 700 2310 humana
729 2284 808 2322 que
836 2284 912 2310 vox
940 2271 1164 2310 communis
1194 2272 1245 2310 ad
1275 2278 1381 2310 extra

260 2337 415 2387 Plangit
444 2337 484 2375 in
514 2337 589 2375 hac
618 2344 729 2384 terra,
760 2336 890 2375 scribo
920 2337 1112 2375 moderna
1141 2337 1268 2375 mala:

260 2403 375 2441 Vtilis
404 2402 573 2441 aduerso
602 2402 694 2452 quia
723 2402 875 2441 confert
903 2408 1082 2451 tempore
1111 2413 1251 2447 sermo,

261 2469 447 2506 Promere
476 2468 599 2506 tendo
628 2467 731 2505 mala
759 2467 837 2505 iam
866 2467 973 2505 bona
1001 2464 1120 2504 verba
1149 2465 1224 2503 die.

261 2532 382 2571 Nulla
410 2532 576 2571 Susurro
606 2539 725 2582 queat
754 2532 958 2581 imponere
988 2530 1184 2576 scandala,
1217 2542 1286 2579 per
1315 2542 1393 2580 que

260 2596 378 2634 Auris
408 2596 448 2634 in
476 2597 614 2636 auditu
644 2597 814 2647 negligat
843 2609 911 2635 ora
940 2595 1054 2633 libri:
1575 2602 1618 2633 60

262 2662 356 2699 Non
386 2661 512 2699 malus
542 2661 732 2710 interpres
760 2662 934 2710 aliquam
963 2660 1083 2698 michi
1112 2660 1285 2698 concitet
1315 2659 1423 2708 iram,

262 2725 373 2774 Quid
402 2725 476 2763 nisi
506 2726 753 2775 transgressis
782 2726 878 2764 dum
908 2726 1047 2775 loquar
1075 2724 1159 2773 ipse
1188 2723 1273 2762 reis.

262 2790 407 2840 Erigat,
439 2802 520 2837 oro,
551 2790 616 2839 pia
644 2796 806 2829 tenuem
835 2802 976 2828 manus
1006 2801 1097 2838 ergo
1126 2796 1331 2837 carectam,

540 2865 583 2904 46
605 2865 850 2906 conciliumque
866 2865 900 2897 H
1033 2865 1076 2905 58
1099 2863 1186 2896 malo
1203 2864 1230 2897 C
