2095 3173
457 241 510 279 86
925 238 1056 279 VOX
1096 237 1456 279 CLAMANTIS

565 347 618 385 Et
646 347 759 385 vertit
788 344 921 384 subito
951 345 1062 394 quod
1090 344 1162 382 fuit
1191 350 1284 382 ante
1311 350 1415 382 retro
1430 357 1440 391 3

568 412 743 461 Hocque
773 416 904 460 potest
933 409 1097 459 speculo
1127 408 1308 458 quisquis
1337 409 1562 447 discernere
1592 414 1740 452 nostro,

567 476 658 525 Que
689 477 813 514 fuerat
843 474 970 513 dulcis
1000 486 1107 512 nunc
1136 474 1180 512 fit
1207 486 1341 513 amara
1369 473 1498 512 nimis.
1890 488 1933 520 50

507 633 584 667 Hic
642 632 817 677 corripit
873 632 1085 668 fortunam
1144 634 1186 668 et
1243 633 1309 667 sui
1368 634 1544 668 euentus
1593 631 1935 668 inconstanciam

461 691 688 735 deplangit.

347 773 473 821 (japffl.
498 772 535 810 ii.
625 772 662 811 O
692 771 764 810 tibi
794 784 872 822 que
902 784 1050 811 nomen
1079 773 1237 810 fortune
1266 772 1455 821 concipis,
1487 772 1574 811 illos

571 839 685 887 Quos
715 837 823 887 prius
852 838 999 876 exaltas
1028 850 1099 876 cur
1127 838 1299 876 violenta
1328 838 1504 887 premis?

573 903 665 940 Hiis
695 902 841 953 quibus
870 904 1051 941 extiteras
1080 903 1144 952 pia
1173 909 1299 941 mater
1327 903 1411 941 dira
1441 915 1612 941 nouerca

573 968 763 1014 Efficeris‚
792 969 899 1006 vario
927 968 1171 1018 preuaricata
1200 968 1318 1006 dolo:

574 1034 687 1082 Quos
717 1034 972 1072 conformasti
1001 1041 1068 1072 tua
1097 1046 1180 1072 sors
1209 1033 1391 1071 dissoluit
1420 1033 1460 1070 in
1488 1033 1599 1080 iram,

575 1100 689 1148 Quos
718 1099 843 1149 magis
872 1099 989 1137 vnisti
1019 1099 1167 1149 spergis
1196 1098 1237 1136 in
1266 1111 1387 1137 omne
1416 1099 1577 1137 malum.

575 1165 615 1203 Si
644 1164 773 1214 pudor
801 1164 842 1202 in
869 1165 971 1202 facie
999 1164 1159 1203 fallente
1187 1170 1255 1202 tua
1284 1164 1384 1202 foret
1412 1164 1523 1211 vllus,

575 1231 635 1268 Te
664 1230 809 1279 quibus
838 1229 1012 1268 associas
1041 1242 1123 1268 non
1153 1230 1312 1267 inimica
1341 1229 1458 1267 fores.

579 1295 745 1333 Dudum
776 1295 871 1333 flore
900 1307 988 1333 rosa
1017 1295 1159 1341 fueras,
1191 1301 1250 1333 set
1280 1294 1386 1332 mole
1415 1306 1603 1343 perurens

578 1361 698 1398 Nunc
726 1360 847 1398 vrtica
876 1372 1014 1409 granas
1045 1372 1145 1409 quos
1175 1360 1354 1398 refouere
1383 1359 1510 1398 soles:
1902 1363 1944 1393 60

578 1425 743 1464 Mobilis
773 1433 831 1464 est
861 1433 928 1463 tua
956 1432 1041 1464 rota
1071 1425 1201 1473 nimis,
1232 1424 1365 1463 subito
1395 1437 1557 1475 quoque
1587 1431 1699 1463 motu

579 1492 726 1530 Diuitis
756 1504 802 1529 ac
832 1491 961 1541 inopis
991 1492 1129 1529 alterat
1158 1491 1243 1541 ipsa
1272 1498 1408 1529 status.

580 1558 693 1596 ΜειΙο
723 1564 781 1596 set
810 1569 833 1595 a
862 1557 988 1594 fundo
1017 1557 1289 1595 conscendere
1319 1569 1474 1594 summa
1503 1562 1689 1602 rotarum,

580 1624 714 1672 Quam
744 1622 854 1672 quod
882 1621 934 1660 ab
963 1622 1119 1660 excelso
1149 1622 1283 1671 lapsus
1311 1622 1363 1660 ad
1391 1634 1482 1671 yma
1511 1621 1675 1659 cadam:

581 1690 644 1727 De
674 1700 791 1738 super
819 1688 860 1725 in
890 1687 1029 1726 subtus
1058 1686 1172 1733 absit,
1204 1687 1255 1725 de
1285 1687 1359 1725 sub
1388 1687 1509 1725 michi
1539 1699 1656 1737 supra

581 1753 794 1800 Adueniat‚
826 1764 1000 1802 namque
1029 1764 1215 1801 prospera
1244 1753 1353 1801 lapsa
1382 1759 1539 1790 nocent.

582 1819 654 1856 Est
683 1830 776 1856 nam
805 1818 961 1856 felicem
989 1823 1088 1866 puto
1117 1817 1287 1855 maxima
1316 1829 1420 1866 pena
1448 1816 1580 1863 fuisse,

585 1885 718 1933 Quam
748 1883 867 1921 miser
896 1883 935 1920 in
965 1883 1044 1920 vita
1072 1889 1207 1932 posset
1237 1882 1383 1921 habere
1412 1895 1495 1921 sua.

639 1949 709 1987 Est
739 1961 764 1986 o
793 1961 913 1998 quarn
942 1960 1090 1995 verum,
1122 1947 1233 1997 quod
1262 1946 1425 1986 habenti
1455 1947 1579 1986 multa
1607 1946 1821 1991 dabuntur,

584 2015 665 2064 Qui
695 2021 803 2053 tenet
832 2020 871 2052 et
900 2026 1026 2063 pauca
1054 2014 1219 2063 perdere
1248 2013 1368 2052 debet
1397 2016 1469 2052 ea!
1908 2024 1949 2058 70

585 2081 679 2118 Hoc
708 2085 816 2128 patet
846 2079 886 2116 in
916 2077 1043 2126 nobis,
1076 2078 1221 2128 quibus
1250 2079 1345 2116 olim
1375 2078 1635 2128 magnificatis

585 2146 695 2183 Gens
725 2144 838 2194 quasi
867 2150 950 2182 tota
980 2144 1097 2181 simul
1127 2143 1287 2181 subdita
1316 2143 1418 2181 colla
1447 2143 1580 2182 dabat.

586 2211 715 2248 Patria
744 2210 852 2246 nulla
881 2209 965 2257 fuit,
996 2208 1063 2246 vbi
1093 2220 1167 2246 nos
1197 2208 1238 2245 in
1268 2208 1422 2246 honore
1450 2209 1569 2246 locati

587 2277 680 2314 Non
711 2276 867 2322 fuimus,
898 2281 958 2313 set
987 2286 1094 2311 nunc
1122 2274 1207 2312 laus
1237 2280 1349 2312 vetus
1379 2275 1468 2312 exul
1496 2274 1632 2313 abest:

588 2340 731 2380 Omnis
761 2340 867 2378 enim
897 2346 997 2378 terra
1025 2338 1142 2377 nobis
1172 2339 1362 2388 querebat
1392 2338 1539 2378 habere

587 2408 745 2451 Pacem,
775 2417 883 2442 nunc
911 2417 1069 2454 guerras
1098 2404 1221 2442 hostis
1251 2403 1399 2454 vbique
1428 2405 1537 2454 petit.

590 2472 671 2520 Qui
700 2471 817 2521 plana
846 2471 976 2508 fronte
1004 2470 1158 2508 dudum
1187 2470 1420 2518 comparuit,
1451 2482 1545 2508 ecce

588 2537 750 2576 Cornua
779 2536 1018 2586 pretendens
1047 2534 1190 2573 obuius
1220 2535 1304 2584 ipse
1333 2535 1440 2573 venit
1454 2549 1465 2583 3

588 2603 639 2640 Et
669 2602 736 2652 qui
765 2608 954 2640 cornutus
983 2601 1118 2648 fuerat,
1150 2613 1257 2638 nunc
1286 2601 1416 2638 fronte
1444 2600 1597 2646 reflexa,

590 2666 788 2705 Cornibus
818 2666 985 2712 amissis,
1012 2666 1076 2704 vix
1104 2666 1191 2703 loca
1219 2672 1326 2703 tutus
1357 2665 1488 2704 habet.
1911 2673 1953 2703 80

589 2732 680 2780 Que
710 2732 834 2770 fuerat
862 2738 963 2769 terra
992 2730 1095 2769 bene
1124 2731 1320 2768 fortunata
1349 2743 1418 2780 per
1447 2743 1579 2775 omne,

590 2797 740 2835 Dicunt
768 2797 966 2834 fortunam
996 2796 1073 2833 iarn
1103 2796 1264 2846 periisse
1292 2808 1416 2834 suam.

825 2899 868 2939 56
890 2899 1022 2939 spargis
1037 2899 1130 2930 CED
1261 2899 1303 2939 65
1322 2899 1480 2940 Desuper
1496 2898 1618 2930 EDLT
