2095 3173
676 188 864 229 LIBER
902 189 1178 231 TERCIUS
1584 209 1661 246 109

303 292 370 330 Set
399 305 481 332 non
510 301 603 333 sunt
631 295 705 333 ista
732 296 875 345 gaudia
904 302 996 334 nata
1025 296 1128 335 fide:

305 357 454 396 Sufficit
483 359 557 397 hiis
587 360 670 398 sola
698 360 788 399 ficte
817 361 972 410 pietatis
1001 361 1041 398 in
1072 361 1220 407 vmbra,

305 422 452 460 Dicant
481 425 676 474 pomposi,
708 438 827 475 quam
857 426 944 475 pius
974 426 1073 465 ordo
1103 426 1179 465 dei.

302 487 380 524 Pro
410 488 502 526 fidei
531 490 678 527 meritis
708 491 844 540 prelati
874 497 932 528 tot
960 492 1179 540 paciuntur,

304 551 422 590 Vnde
452 553 553 592 viros
583 562 740 593 sanctos
770 567 843 593 nos
873 562 1100 605 reputamus
1131 569 1210 596 eos.

240 706 318 742 Hic
342 708 528 753 loquitur
557 710 607 746 de
635 712 811 754 prelatis
838 712 922 747 illis
948 713 1018 756 qui
1047 713 1236 749 carnalia
1266 716 1517 758 appetentes
1545 716 1660 751 vltra

193 766 356 801 modum
374 768 550 805 delicate
567 770 727 806 viuunt.

89 844 220 894 Capm.
242 848 280 886 ii.
366 851 575 890 Permanet
604 864 697 890 ecce
726 858 849 891 status
878 852 1047 899 Thome,
1077 853 1194 892 cessit
1222 859 1356 891 tamen
1384 861 1507 901 actus,

303 915 535 966 Normaque
566 918 728 956 Martini
758 918 910 967 deperit
938 919 1041 956 alma
1071 919 1183 968 quasi
1198 932 1208 966 3
1618 926 1663 956 80

302 980 367 1019 Sic
396 982 463 1031 qui
492 989 626 1031 pastor
655 989 747 1030 erat,
780 995 887 1020 nunc
917 981 1186 1021 Mercenarius
1216 990 1333 1031 extat,

301 1046 395 1094 Quo
424 1047 598 1096 fugiente
626 1049 742 1097 lupus
771 1048 916 1097 spergit
944 1048 1091 1097 vbique
1119 1060 1289 1097 gregem.

302 1111 397 1149 Non
426 1119 545 1162 caput
573 1113 613 1150 in
641 1113 774 1162 gladio
803 1113 880 1150 iam
910 1113 1042 1159 vincit,
1074 1124 1149 1150 nec
1179 1113 1282 1150 valet
1311 1119 1397 1151 arto

300 1175 470 1214 Vincere
498 1177 626 1215 cilicio
655 1176 843 1215 deliciosa
871 1188 985 1215 caro:

301 1240 479 1279 Ollarum
509 1254 645 1279 carnes
673 1242 857 1291 preponit
886 1241 1043 1288 fercula,
1075 1253 1222 1290 porros,

300 1305 435 1344 Gebas
463 1318 534 1355 pro
564 1319 710 1344 manna
739 1306 869 1356 presul
899 1305 1046 1344 habere
1075 1306 1188 1355 petit.

300 1371 518 1409 Prodolor!
565 1383 615 1410 en
645 1372 741 1410 tales
771 1372 879 1410 sinus
908 1371 1074 1409 ecclesie
1102 1371 1225 1409 modo
1255 1371 1387 1418 nutrit,

303 1436 383 1484 Qui
413 1449 483 1486 pro
513 1437 659 1475 diuinis
688 1443 813 1475 terrea
842 1449 943 1475 vana
971 1442 1125 1485 petunt.

301 1501 479 1540 Ollarum
509 1514 646 1540 carnes
676 1502 846 1540 carnalia
874 1502 977 1539 facta
1006 1502 1186 1551 figurant,

302 1566 393 1614 Que
421 1567 527 1605 velut
556 1567 596 1604 in
626 1567 717 1605 cleri
747 1579 864 1605 carne
893 1565 1018 1605 libido
1047 1567 1194 1616 coquit.
1617 1583 1661 1614 90

299 1631 373 1669 Est
401 1632 509 1670 carni
538 1638 706 1682 cognata
734 1644 870 1679 venuS,
902 1631 1107 1679 iactancia,
1139 1631 1277 1678 fastus,

299 1695 497 1744 Ambicio,
529 1697 642 1745 liuor,
672 1697 841 1746 crapula,
875 1697 964 1743 rixa,
996 1697 1125 1735 dolus.

300 1762 449 1800 Ventre
477 1762 654 1812 saginato
682 1763 835 1801 veneris
864 1762 1030 1811 suspirat
1059 1761 1110 1799 ad
1140 1773 1254 1798 vsum

302 1826 442 1865 Carnis
471 1827 600 1864 amica
628 1839 730 1873 caro,
762 1839 904 1865 carnea
934 1824 1115 1864 membra
1144 1832 1308 1874 petens:

302 1892 354 1929 Et
383 1892 439 1929 sic
468 1904 549 1930 non
578 1898 765 1941 poterunt
795 1892 982 1929 virtutum
1012 1897 1172 1939 tangere
1201 1890 1372 1937 culmen,

301 1957 410 1994 Dum
441 1957 667 1995 dominatur
695 1956 750 1994 eis
780 1956 925 1994 ventris
954 1956 1085 2005 iniqus
1114 1967 1235 1993 amor.

356 2020 599 2060 Subuertunt
628 2022 845 2060 Sodomam
875 2027 1015 2068 tumor,
1047 2020 1144 2067 ocia,
1177 2020 1292 2069 copia
1320 2019 1444 2069 panis,

302 2087 572 2138 Impietasque
601 2092 739 2125 tenax:
770 2086 916 2135 presul,
944 2085 995 2124 ad
1024 2085 1097 2123 ista
1125 2096 1234 2122 caue.

301 2152 368 2190 Set
398 2152 520 2190 modo
552 2152 689 2201 prelati
718 2151 852 2190 dicant
881 2151 1003 2188 michi
1032 2149 1224 2200 quicquid
1252 2149 1305 2188 ad
1332 2161 1457 2195 aures,

301 2218 382 2255 Lex
410 2222 543 2255 tamen
573 2229 620 2255 ex
648 2216 807 2266 proprio
835 2216 935 2254 velle
962 2214 1155 2265 gubernat
1185 2227 1276 2253 eos:
1598 2228 1660 2250 100

301 2282 342 2321 Si
370 2282 523 2321 mundo
552 2282 733 2332 placeant
762 2281 949 2330 carnique
977 2280 1181 2330 placencia
1206 2279 1386 2326 reddant,

301 2347 362 2385 Ex
390 2348 522 2385 anima
550 2347 670 2384 virtus
699 2358 785 2384 raro
813 2345 985 2396 placebit
1015 2346 1083 2383 eis.

302 2412 460 2450 Bachus
488 2411 601 2450 adest
629 2412 730 2450 festo
758 2411 894 2461 patulo
923 2410 1088 2449 diffusus
1116 2409 1158 2446 in
1187 2421 1294 2454 auro,

301 2477 484 2515 Precellit
511 2477 652 2515 calices
680 2476 805 2514 maior
833 2476 985 2514 honore
1013 2475 1152 2524 eiphus
1168 2487 1179 2521 3

305 2542 540 2580 Glorificans
569 2554 750 2580 mensam
779 2553 861 2579 non
890 2552 1008 2579 aurea
1036 2551 1128 2578 vasa
1157 2537 1348 2584 recondit,

304 2607 398 2655 Quo
426 2607 568 2656 poterit
596 2619 699 2645 vano
727 2619 851 2644 vanus
880 2606 1032 2644 honore
1059 2604 1145 2641 frui.

305 2671 409 2711 Aula
437 2678 544 2720 patet
572 2672 725 2710 cunetis
754 2678 970 2720 oneratque
999 2669 1144 2708 cibaria
1173 2679 1341 2714 mensas,

304 2736 570 2786 Indulgetque
598 2737 715 2775 nimis
743 2735 903 2787 potibus
932 2742 1052 2784 atque
1079 2733 1202 2773 cibis:

393 2834 433 2865 81
460 2832 694 2865 Marcenarius
710 2832 740 2865 G
787 2831 1034 2865 mercennarius
1052 2830 1079 2862 E
1222 2829 1265 2860 86
1288 2828 1411 2860 Glebas
1431 2829 1460 2860 D
