2095 3173
653 221 839 261 LIBER
884 219 1124 261 PRIMUS
1562 224 1614 272 67

258 327 446 365 Anchora
476 341 557 366 non
586 334 739 377 poterat
767 328 845 365 vlla
874 327 1008 365 iuuare
1037 333 1173 364 ratem.

257 392 376 430 Extra
406 405 448 431 se
476 393 626 442 positus
656 393 826 431 madidis
856 393 1015 430 Nothus
1045 392 1177 430 euolat
1205 391 1286 438 alis,

258 457 383 496 Cuius
413 459 519 496 enim
548 465 657 508 gutte
686 459 860 508 dampna
889 458 1027 496 furoris
1055 464 1200 507 agunt:

257 523 367 571 Quas
397 522 470 561 sibi
502 536 583 561 non
612 530 765 573 poterat
793 531 893 562 terre
922 522 1207 572 comprendere
1235 522 1367 569 virtus,

257 588 436 625 Pendula
465 588 630 626 celestes
659 587 757 625 libra
786 587 975 625 mouebat
1003 600 1153 636 aquas3
1528 593 1616 634 1630

254 652 319 690 Sic
348 652 552 690 defrenato
581 653 795 691 voluuntur
823 653 863 690 in
892 665 1040 702 equora
1068 665 1195 699 cursu,

256 717 350 766 Quo
379 718 495 755 maris
524 718 630 755 vnda
659 718 776 755 nimis
805 724 921 755 aucta
950 717 1105 767 subegit
1135 718 1314 756 humum.

257 782 380 820 Seuiit
410 783 449 819 in
480 794 624 821 nauem
653 783 779 821 ventis
809 782 1059 821 discordibus
1089 795 1194 830 aura,

255 847 307 885 Et
336 848 452 885 maris
482 848 523 885 in
553 860 681 886 remos
711 849 816 886 vnda
844 856 982 886 coacta
1011 849 1086 886 ruit
1103 862 1114 896 3

255 913 317 950 Fit
347 913 484 962 fragor,
517 921 555 951 et
584 914 697 952 densi
727 914 946 952 funduntur
973 913 1024 952 ab
1054 914 1188 952 ethere
1217 912 1354 960 nimbi,

255 978 380 1017 Nauis
410 985 448 1017 et
478 986 536 1017 est
565 980 678 1017 variis
708 980 900 1029 exagitata
928 980 1052 1018 malis.

308 1044 465 1082 Nuncia
497 1045 662 1082 Iunonis
693 1045 818 1082 varios
848 1045 1061 1083 tumefacta
1090 1044 1242 1082 colores

257 1108 405 1156 Induit,
437 1116 475 1146 et
504 1110 610 1147 vario
640 1122 750 1148 more
779 1110 922 1148 refudit
951 1121 1097 1159 aquas:

255 1174 374 1211 Nulla
403 1181 462 1212 set
491 1181 550 1212 est
578 1181 688 1224 gutta
717 1175 843 1213 dulcis
873 1187 993 1224 quarn
1023 1174 1186 1220 fuderat,
1219 1173 1342 1211 immo

252 1239 407 1287 Turpis,
438 1251 580 1286 amara,
611 1240 731 1286 rudis,
762 1240 859 1287 vilis,
891 1239 1044 1286 acerba,
1074 1238 1228 1288 graui33
1527 1243 1611 1283 ¹640

257 1304 324 1341 Nil
353 1305 455 1343 valet
483 1305 534 1343 ad
562 1311 720 1355 gustum
751 1306 880 1354 liquor
909 1305 984 1352 hic,
1016 1304 1084 1353 qui
1113 1304 1233 1342 corda
1263 1302 1472 1342 bibentum

255 1370 440 1417 Perforat‚
473 1377 512 1408 et
541 1377 700 1419 quassat
729 1371 877 1408 viscera
906 1376 988 1408 tota
1017 1369 1145 1407 simul.

251 1434 288 1473 O
319 1435 420 1482 felix,
451 1435 549 1473 tales
579 1436 646 1485 qui
676 1442 772 1474 tunc
801 1442 980 1474 euaserat
1008 1434 1176 1484 ymbres,

252 1500 333 1548 Qui
363 1506 454 1538 sunt
483 1501 590 1550 Stige
618 1501 741 1550 magis
771 1506 810 1539 et
840 1501 1072 1550 Flegetonte
1101 1501 1261 1549 graves!

252 1565 344 1614 Ipse
372 1571 506 1603 tamen
537 1566 629 1603 naui
658 1566 836 1604 turbatus
866 1578 1022 1616 semper
1050 1565 1198 1612 adhesi,

253 1631 385 1678 Quam
415 1631 560 1669 furiens
589 1631 716 1681 pelagi
745 1638 933 1670 merserat
962 1631 1017 1669 ira
1046 1630 1169 1680 quasi.

254 1696 389 1734 Huius
418 1709 520 1746 aque
550 1697 671 1735 fluuio
702 1696 811 1736 bubo
841 1704 948 1735 natat
978 1698 1078 1735 inter
1106 1696 1280 1743 alaudas,

253 1761 332 1799 Nat
361 1761 475 1811 lupus
505 1762 606 1800 inter
635 1775 741 1809 oues,
774 1763 875 1800 inter
904 1763 1071 1800 honesta
1100 1762 1265 1810 nephas.

253 1826 388 1864 Huius
417 1839 520 1876 aque
549 1827 679 1865 subite
707 1829 831 1876 magis
861 1828 1054 1865 insulcata
1079 1826 1212 1864 carina

250 1891 390 1929 Forcia
418 1904 496 1941 que
525 1891 644 1930 subiit
673 1899 776 1930 tecta
806 1905 884 1942 que
913 1899 1038 1930 castra
1066 1892 1153 1929 ruit.
1523 1896 1608 1937 1650

250 1957 325 1994 Pre
354 1957 475 1994 nimia
504 1956 611 1995 rabie
640 1957 855 1995 timuerunt
883 1958 1046 2007 grandia
1074 1964 1171 2002 cete,

252 2023 362 2060 Dum
391 2023 514 2071 magis
543 2030 661 2071 atque
690 2023 813 2072 magis
842 2030 957 2060 aucta
987 2023 1029 2060 fit
1059 2022 1113 2059 ira
1142 2022 1271 2059 maris.

251 2087 357 2124 Ecce
386 2087 536 2125 cadunt
565 2088 658 2137 largi
689 2088 869 2126 resolutis
899 2087 1073 2125 nubibus
1102 2086 1270 2136 ymbres,

249 2152 363 2190 Aeris
393 2159 431 2190 et
460 2153 593 2191 medio
623 2153 797 2190 fulminis
827 2153 881 2191 ira
910 2159 1021 2191 tonat
1038 2167 1048 2200 ;

252 2217 382 2266 Inque
411 2218 553 2256 fretum
583 2219 720 2257 credas
749 2225 878 2256 totum
908 2217 1152 2256 descendere
1179 2217 1321 2263 celum,

248 2283 405 2321 Terruit
435 2289 473 2321 et
502 2290 621 2322 terras
652 2284 725 2321 Iris
753 2283 900 2333 vbique
930 2283 1071 2330 minis3

249 2348 378 2398 Inque
407 2349 540 2398 plagas
570 2349 642 2387 celi
672 2349 908 2387 tumefactus
938 2348 1092 2386 scandit
1122 2353 1161 2385 et
1190 2359 1324 2396 equor,

247 2413 302 2450 Vt
332 2413 363 2450 si
393 2413 443 2451 de
472 2414 630 2463 proprio
659 2415 775 2453 vellet
803 2414 911 2452 abire
940 2414 1042 2451 loco.

249 2478 441 2516 Sternitur
468 2479 667 2517 interdum
697 2480 928 2529 spumisque
957 2476 1189 2516 sonantibus
1217 2476 1335 2522 albet,

249 2543 301 2580 Et
330 2543 431 2580 redit
460 2543 500 2580 in
530 2544 668 2582 subtus
700 2544 809 2593 quod
839 2544 910 2582 fuit
938 2550 1030 2581 ante
1059 2554 1200 2591 super;
1521 2547 1605 2579 1660

249 2608 302 2645 Et
331 2609 454 2646 modo
483 2621 575 2646 cum
605 2610 731 2647 fuluas
761 2622 808 2647 ex
836 2621 928 2659 ymo
957 2608 1072 2646 vertit
1102 2619 1252 2652 arenas,

248 2673 392 2710 Tincta
421 2674 648 2722 superficies
678 2675 785 2712 fulua
814 2673 974 2723 patebat
1003 2672 1125 2721 aquis.

302 2737 394 2785 Que
422 2737 518 2775 freta
547 2750 615 2776 seu
645 2739 751 2777 venti
780 2744 961 2788 poterant
990 2743 1185 2775 tormenta
1213 2748 1358 2785 parare,

250 2801 454 2840 Fluctibus
484 2809 522 2840 et
550 2803 734 2852 grauibus
764 2803 921 2841 flatibus
951 2803 1015 2839 illa
1045 2807 1205 2850 parant:

534 2878 617 2908 1626
640 2878 749 2918 potuit
765 2878 792 2909 C
929 2877 1010 2908 1662
1034 2876 1165 2916 patebit
1181 2875 1206 2907 S

838 2944 860 2969 F
884 2945 903 2970 2
