2121 3173
518 220 837 263 VICIORUM
883 220 1295 261 PESTILENCIA
1568 235 1649 272 349

290 328 471 378 Desuper
498 339 521 365 a
550 325 643 365 celis
672 325 816 366 deiecit
845 340 937 365 eum
968 325 1177 364 Michaelis

291 392 406 431 Ensis
435 393 486 431 ad
515 391 657 431 inferni
685 392 868 431 tenebras
897 393 948 431 de
977 394 1065 430 luce
1094 390 1280 442 superni;

288 458 374 496 Nec
404 457 606 507 paradisus
635 457 671 496 ei
699 457 862 508 prebere
891 458 1023 496 locum
1052 455 1201 506 requiei
1587 472 1646 493 100

287 524 477 573 Spondet,
508 523 574 561 vbi
602 536 692 562 vere
720 522 795 562 sibi
823 522 966 573 gaudia
994 529 1128 573 posset
1157 521 1327 560 habere:

285 587 360 634 Sic,
391 587 484 638 quia
511 589 702 639 deceptus
730 587 824 626 alibi
852 587 989 637 nequit
1018 600 1104 625 esse
1132 593 1323 636 receptus,

286 653 487 692 Mundum
517 652 707 703 deposcit,
738 660 779 691 vt
808 652 847 690 in
876 652 944 690 illo
972 650 1104 691 viuere
1131 651 1282 701 possit:

285 717 349 756 Sic
376 718 608 757 adhibendo
637 731 788 756 moram
817 717 924 756 venit
952 717 1016 755 ille
1044 717 1237 767 superbus
1265 717 1316 755 ad
1346 717 1494 762 horam,

286 783 419 831 Quem
448 796 537 821 mea
566 796 678 821 mens
707 782 825 821 tristis
854 782 894 820 in
923 781 1099 832 partibus
1128 781 1264 820 asserit
1293 780 1386 819 istis.

287 848 410 885 Hunc
438 847 505 886 vbi
534 860 739 898 ponemus,
772 848 927 886 hostem
957 860 1076 896 quem
1107 859 1262 896 semper
1290 846 1513 884 habemus?

285 913 391 950 Nam
421 912 543 963 magis
572 912 718 951 infecta
745 911 907 969 veniens
936 911 1028 950 facit
1056 911 1191 950 omnia
1219 919 1332 951 tecta.

286 979 391 1016 Laus
420 977 475 1016 ibi
503 991 585 1016 non
614 979 729 1025 lucet,
760 977 826 1015 vbi
855 991 956 1016 vana
985 977 1168 1027 superbia
1197 979 1316 1016 ducet

287 1044 426 1093 Regna
454 1043 714 1094 superborum
729 1057 740 1091 3
777 1044 894 1082 docet
924 1043 1001 1081 hoc
1029 1042 1191 1081 vestitus
1220 1055 1383 1081 eorum:

286 1109 390 1148 Cum
419 1110 522 1148 valet
550 1116 732 1148 ornatum
762 1108 837 1147 sibi
865 1122 988 1146 vanus
1018 1108 1164 1147 habere
1192 1115 1383 1158 paratum,
1584 1123 1645 1144 110

286 1175 380 1212 Non
409 1174 522 1225 quasi
550 1174 736 1222 mortalis,
768 1182 826 1213 set
854 1181 894 1212 vt
922 1175 1084 1224 angelus
1113 1175 1244 1212 euolat
1272 1173 1353 1211 alis.

288 1239 425 1278 Militis
453 1241 505 1279 ad
534 1241 701 1279 formam
731 1241 853 1279 modo
883 1253 1031 1290 pauper
1059 1239 1180 1277 habet
1209 1238 1284 1277 sibi
1314 1252 1505 1280 normam,

285 1307 399 1344 Vana
428 1305 477 1344 sit
505 1314 546 1344 vt
574 1306 692 1344 vestis
722 1306 793 1344 erit
823 1305 916 1344 inde
946 1305 1131 1355 superbia
1158 1304 1280 1350 testis,

286 1370 466 1409 Exterius
495 1371 651 1421 signum
680 1384 748 1410 cor
775 1371 902 1421 signat
931 1370 1077 1409 habere
1106 1369 1332 1420 malignum,

286 1435 427 1475 Cordis
457 1443 495 1475 et
525 1450 652 1478 errore
681 1438 838 1475 fortuna
866 1435 1014 1474 carebit
1043 1437 1204 1474 honore.

284 1502 370 1539 Nos
400 1501 515 1551 igitur
544 1503 662 1540 talem
692 1515 773 1540 non
803 1500 1031 1540 consociare
1061 1501 1238 1539 sodalem

286 1566 465 1616 Expedit,
498 1574 537 1605 vt
567 1567 640 1605 tuti
670 1568 882 1606 reddamur
911 1566 950 1604 in
981 1567 1076 1605 orbe
1106 1565 1232 1604 saluti.

285 1633 406 1680 Quod
435 1633 533 1671 deus
563 1632 689 1671 odiuit
718 1633 906 1682 reprobos
938 1631 1071 1670 Dauid
1101 1632 1178 1670 hoc
1209 1631 1311 1670 bene
1340 1631 1465 1676 sciuit,

284 1699 456 1747 Ipseque
485 1697 687 1748 psalmista
716 1697 868 1747 scripsit
897 1698 948 1736 de
977 1696 1120 1735 talibus
1150 1696 1247 1734 ista:

286 1763 441 1800 ‘Elatas
471 1770 623 1801 mentes
653 1762 784 1812 posuit
814 1763 865 1801 de
894 1763 989 1800 sede
1017 1769 1211 1811 potentes,
1583 1777 1644 1798 120

285 1829 335 1865 Et
365 1827 592 1866 sublimauit
621 1828 801 1874 humiles,
833 1841 933 1877 quos
963 1840 1118 1877 semper
1146 1826 1319 1864 amauit.'

285 1895 420 1930 Vanus
451 1906 532 1930 non
562 1894 686 1939 durat,
719 1906 839 1942 quem
868 1905 970 1930 vana
997 1891 1182 1942 superbia
1211 1899 1333 1938 curat,

286 1959 376 1995 Hec
406 1965 464 1995 set
493 1970 585 1995 eum
614 1956 723 1995 ducit
752 1957 818 1995 vbi
847 1956 976 2007 gracia
1004 1957 1112 1994 nulla
1141 1955 1319 2003 reducit,

284 2023 412 2072 Culpa
441 2021 603 2072 quidem
632 2021 750 2060 fontis
780 2021 914 2060 latices
942 2020 1053 2060 dabit
1081 2022 1155 2059 hec
1176 2020 1425 2065 Acherontis,

283 2088 402 2126 Vnde
430 2087 572 2127 bibunt
601 2086 690 2125 vani
720 2095 887 2125 mortem
917 2085 1029 2136 quasi
1058 2085 1257 2125 cotidiani.

283 2152 416 2191 Omne
445 2154 554 2202 quod
583 2160 641 2191 est
670 2160 806 2190 natum
836 2160 911 2190 stat
939 2152 991 2190 ab
1020 2153 1097 2190 hoc
1125 2151 1227 2190 vicio
1257 2151 1453 2198 viciatum,

283 2219 377 2266 Quo
406 2217 528 2268 magis
558 2217 795 2256 inmundum
825 2217 881 2255 vir
909 2231 1032 2256 vanus
1062 2217 1182 2256 habet
1211 2216 1286 2255 sibi
1316 2218 1510 2256 mundum
1527 2232 1536 2263 3

283 2283 351 2321 Set
380 2282 448 2333 qui
477 2282 639 2322 mentali
667 2284 719 2322 de
747 2284 924 2333 pondere
954 2282 1127 2321 iudiciali

285 2349 398 2386 Istud
426 2348 594 2395 libraret,
625 2355 722 2398 puto
751 2349 860 2398 quod
890 2347 1052 2386 meliora
1081 2354 1244 2398 pararet.

285 2413 378 2450 Hoc
407 2426 499 2451 nam
528 2414 692 2452 mortale
720 2413 865 2452 vicium
894 2420 970 2451 stat
999 2412 1054 2451 sic
1082 2414 1273 2462 generale,
1584 2428 1643 2458 130

284 2479 406 2526 Quod
434 2479 628 2517 mundum
658 2477 779 2528 fregit,
811 2477 877 2516 vbi
906 2477 1058 2527 singula
1086 2491 1205 2527 regna
1233 2477 1387 2528 subegit
1403 2491 1412 2524 ;

285 2544 375 2580 Hec
404 2542 550 2581 etenim
579 2544 696 2582 cedes
725 2551 888 2589 nostras,
920 2550 960 2580 vt
989 2542 1142 2589 dicitur,
1173 2543 1268 2581 edes

283 2607 421 2653 Vertit,
453 2616 491 2646 et
519 2607 657 2647 insana
686 2610 754 2648 dat
782 2616 961 2659 tempora
990 2607 1201 2646 cotidiana.

283 2673 320 2711 O
349 2673 448 2711 deus
477 2680 620 2720 eterne,
651 2675 766 2724 culpe
795 2673 977 2712 miserere
1007 2673 1208 2718 moderne,

280 2739 442 2788 ,Facque
472 2737 554 2789 pias
584 2746 735 2777 mentes
765 2739 839 2777 sub
868 2739 953 2788 lege
982 2745 1049 2776 tua
1077 2737 1326 2788 penitentes!

337 2803 504 2854 Corpus,
533 2817 639 2854 opes,
671 2803 770 2843 vires
799 2803 954 2854 sapiens
984 2816 1066 2842 non
1095 2803 1150 2842 sic
1180 2802 1383 2850 stabilires,

769 2878 830 2908 126
853 2881 919 2908 stat
935 2887 1000 2908 om.
1019 2875 1044 2908 S
