2095 3173
434 220 488 269 64
905 217 1035 258 VOX
1076 216 1435 258 CLAMANTIS

544 325 631 364 Nec
661 325 767 364 venit
797 325 836 363 in
866 324 954 362 fatis
984 324 1141 362 mollior
1169 324 1266 362 hora
1295 325 1407 361 meis.

543 391 584 430 Si
612 404 737 441 genus
767 397 825 429 est
855 390 992 427 mortis
1022 389 1125 427 male
1154 389 1297 436 viuere,
1328 389 1450 427 credo
1479 388 1589 438 quod
1619 388 1686 426 illo

543 457 743 506 Tempore
772 456 851 493 vita
881 467 969 492 mea
998 466 1186 504 morsque
1214 454 1322 493 fuere
1352 466 1478 503 pares.

598 522 663 560 Sic
691 521 757 559 vbi
786 517 960 569 respexi,¹
982 520 1103 557 nichil
1133 526 1191 558 est
1220 520 1294 558 nisi
1324 520 1460 558 mortis
1489 531 1643 569 ymago,

543 587 677 635 Quam
706 592 847 635 reputo
876 585 1029 623 nullum
1058 585 1196 623 tollere
1226 597 1341 634 posse
1370 586 1524 623 virum:

543 653 645 702 Sepe
674 652 773 690 mori
802 651 907 689 volui
938 664 988 690 ne
1018 651 1210 701 quicquid
1229 652 1307 690 tale
1337 651 1525 698 viderem,

544 718 622 756 Seu
652 717 762 767 quod
791 716 842 755 ab
871 716 946 755 hiis
977 717 1162 755 monstris
1191 723 1300 755 tutus
1330 717 1370 754 in
1400 717 1496 755 orbe
1525 717 1650 755 forem
1666 730 1676 764 3

543 783 658 821 Velle
687 782 786 820 mori
816 782 945 829 statui,
977 782 1069 831 quia
1098 780 1290 829 scribitur,
1325 782 1496 821 ‘Omnia
1524 782 1643 820 soluit

544 849 656 887 Mors
686 855 725 887 et
753 847 804 886 ab
834 848 995 885 instanti
1025 847 1164 885 liberat
1194 848 1279 897 ipsa
1308 848 1438 886 malo!

545 914 766 960 ‘Fortune‚'
796 913 887 960 dixi,
921 913 1070 960 ‘dolor‚
1093 913 1268 962 vndique
1298 925 1414 962 parce
1444 913 1606 959 dolenti,

544 982 608 1018 Da
636 980 756 1018 michi
786 979 848 1017 vel
877 979 995 1028 plene
1025 979 1157 1017 viuere
1186 979 1271 1017 siue
1301 979 1426 1016 mori.'

542 1046 610 1085 Set
639 1045 760 1083 michi
790 1058 861 1095 pro
890 1045 969 1082 fine
999 1057 1111 1094 spem
1140 1051 1294 1082 tantum
1324 1044 1462 1082 mortis
1491 1042 1702 1091 habebam,

543 1112 719 1161 Plusque
748 1123 824 1149 nec
851 1123 970 1148 ausus
997 1122 1103 1148 eram
1127 1110 1248 1148 limen
1278 1110 1388 1148 adire
1416 1110 1569 1149 domus.

543 1177 750 1214 Murmura
779 1182 874 1214 tunc
903 1175 1033 1213 subite
1062 1174 1235 1213 subeunt
1264 1174 1489 1213 habitacula
1517 1175 1673 1222 mentis,

541 1242 655 1280 Talia
684 1254 754 1290 pro
783 1241 892 1279 luctu
922 1252 1096 1290 sepeque
1124 1239 1245 1278 verba
1273 1240 1428 1279 ferunt:

546 1307 605 1346 ‘O
634 1306 707 1345 tibi
736 1318 855 1356 quem
885 1318 1048 1355 presens
1078 1305 1294 1355 spectabile
1322 1318 1404 1344 non
1435 1305 1526 1344 sinit
1555 1312 1663 1344 ortus

544 1373 728 1419 Cernere,
759 1384 879 1421 quam
909 1371 1048 1409 melior
1077 1383 1159 1409 sors
1189 1376 1256 1408 tua
1285 1377 1403 1409 sorte*
1420 1383 1508 1409 mea
1537 1371 1624 1408 est!

543 1440 665 1476 Heu!
705 1449 794 1476 mea
822 1443 1016 1475 consueto
1045 1436 1138 1486 quia
1167 1448 1272 1474 mors
1302 1448 1376 1475 nec
1405 1436 1476 1474 erit
1505 1434 1626 1474 michi
1657 1435 1770 1482 lecto,

545 1503 784 1553 Depositum
814 1515 888 1541 nec
917 1514 982 1540 me
1011 1502 1079 1552 qui
1109 1502 1200 1540 fleat
1229 1503 1329 1540 vllus
1359 1502 1455 1540 erit:

542 1569 709 1619 Spiritus
739 1569 822 1617 ipse
851 1580 963 1606 meus
993 1568 1024 1605 si
1055 1580 1162 1606 nunc
1191 1567 1312 1606 exibit
1342 1568 1382 1605 in
1412 1579 1538 1613 auraS,

542 1635 637 1672 Non
666 1633 816 1683 positos
846 1640 951 1671 artus
981 1639 1099 1683 vnget
1128 1633 1255 1671 amica
1284 1645 1437 1671 manus.

542 1699 583 1738 Si
612 1706 746 1737 tamen
775 1698 955 1747 impleuit
984 1710 1073 1736 mea
1102 1711 1185 1736 sors
1214 1711 1314 1747 quos
1344 1697 1483 1737 debuit
1511 1710 1650 1744 annos,

544 1766 597 1803 Et
626 1764 747 1802 michi
776 1764 938 1802 viuendi
968 1770 1049 1801 tarn
1078 1764 1158 1802 cito
1188 1764 1276 1801 finis
1305 1764 1429 1811 adest,

543 1831 662 1876 Ecce,
693 1830 804 1875 deus,
835 1836 878 1867 tu
908 1829 983 1867 scis
1013 1829 1104 1878 quia
1134 1842 1216 1867 non
1244 1836 1312 1867 tua
1341 1829 1418 1867 sata
1448 1841 1611 1876 recuso;

544 1897 654 1934 Dum
683 1895 784 1941 feris,
816 1906 866 1932 en
896 1894 1031 1943 pacior
1060 1907 1138 1944 que
1168 1895 1358 1933 meruisse
1387 1894 1498 1933 reor.’

599 1961 785 2009 Cumque
813 1960 892 1998 mei
921 1960 1050 1998 luctus
1078 1967 1231 1998 torrens
1260 1960 1381 1997 michi
1411 1960 1535 1998 maior
1563 1959 1738 2007 invndat,

543 2027 596 2064 Et
625 2026 749 2075 magis
779 2037 826 2063 ex
855 2026 975 2064 sterili
1005 2033 1108 2064 sorte
1137 2027 1295 2064 volutus
1325 2038 1442 2073 eram,

543 2093 650 2131 Ecce
680 2091 828 2140 Sophia
857 2091 956 2129 meis
985 2104 1193 2141 compassa
1222 2091 1426 2129 doloribus
1456 2091 1596 2140 inquit,

546 2157 681 2203 ‘Siste‚
712 2169 861 2206 precor,
893 2157 1072 2194 lacrimas
1102 2163 1141 2194 et
1170 2156 1372 2206 pacienter
1400 2168 1484 2205 age.

544 2220 609 2258 Sic
638 2219 710 2257 tibi
739 2219 818 2256 fata
847 2219 985 2256 volunt
1015 2231 1096 2256 non
1125 2219 1300 2265 crimina,
1333 2218 1450 2256 crede
1479 2225 1538 2256 set
1569 2218 1666 2257 illud

545 2285 639 2333 Quo
668 2285 767 2323 deus
796 2284 970 2322 offensus
1000 2290 1038 2322 te
1067 2284 1287 2333 reparando
1316 2290 1443 2321 vocat.

544 2351 639 2389 Non
668 2350 809 2388 merito
838 2362 982 2399 penam
1011 2349 1154 2398 pateris
1184 2355 1242 2387 set
1271 2349 1446 2386 numinis
1476 2349 1596 2387 iram:

544 2417 608 2454 Ne
637 2416 787 2462 timeas,
819 2416 940 2453 finem
970 2428 1062 2452 nam
1092 2414 1206 2453 dolor
1234 2414 1364 2452 omnis
1398 2414 1541 2452 habet.’

544 2481 710 2520 Talibus
739 2481 928 2530 exemplis
957 2481 1042 2518 aliis
1072 2492 1233 2529 quoque
1262 2479 1378 2517 rebus
1407 2486 1447 2517 vt
1476 2491 1606 2518 essem

543 2546 710 2596 Absque
738 2553 848 2584 metu
877 2547 1038 2596 paciens
1067 2558 1161 2594 sepe
1190 2545 1339 2594 Sophia
1368 2551 1504 2582 monet
1519 2558 1529 2592 3

545 2612 717 2651 Conscia
746 2624 939 2661 mensque
968 2611 1088 2649 michi
1117 2612 1252 2657 fuerat,
1283 2610 1399 2659 culpe
1428 2610 1519 2648 licet
1549 2622 1697 2659 expers,

545 2678 643 2726 Spes
672 2683 806 2715 tamen
834 2676 1020 2727 ambigue
1049 2677 1156 2714 nulla
1185 2675 1318 2714 salutis
1348 2675 1471 2713 adest.

546 2743 639 2781 Non
670 2743 822 2781 fuerant
843 2749 944 2781 artes
974 2743 1071 2780 tanti
1101 2754 1178 2792 que
1208 2741 1382 2779 numinis
1411 2741 1507 2779 iram

545 2808 583 2844 A
611 2819 675 2845 me
703 2808 887 2847 tollentes
916 2814 1096 2857 tempora
1124 2808 1202 2846 leta
1229 2807 1372 2846 ferunt.

1821 467 1908 500 15²0

1821 1122 1906 1155 1530

1822 1778 1906 1810 1540

1820 2429 1906 2464 1550

462 2892 544 2923 1525
562 2882 660 2913 statui
676 2882 808 2914 CEHD
852 2883 967 2922 statim
985 2882 1096 2915 §GH-2
1231 2891 1312 2922 1531
1331 2881 1442 2913 subito
1460 2882 1491 2912 D
1618 2890 1702 2922 1552
1719 2887 1833 2914 mouet
1851 2882 1881 2912 D
