2095 3173
680 209 870 250 LIBER
912 210 1151 251 PRIMUS

295 317 399 354 Nam
430 329 553 366 pauor
582 323 621 355 et
649 323 783 363 terror,
813 317 1049 367 trepidoque
1078 317 1230 356 insania
1258 318 1379 365 vultu,

294 382 364 420 Me
393 383 516 432 magis
546 383 724 432 ignotum
754 383 995 421 constituere
1024 383 1157 421 michi.

350 449 458 485 Dum
488 461 601 486 mens
630 460 721 498 egra
748 449 832 495 fuit,
863 448 972 486 dolet
1000 449 1110 486 accio
1139 449 1326 498 corporis,
1355 449 1395 486 in
1424 460 1505 499 quo

293 513 395 552 Ossa
424 513 520 562 tegit
549 513 706 560 macies,
740 525 814 551 nec
844 513 952 551 iuuat
981 526 1049 551 ora
1078 512 1214 552 cibus:

294 578 380 616 Iam
410 578 531 615 michi
561 577 757 616 subducta
786 578 904 616 facies
934 578 1109 616 humana
1138 579 1305 628 videtur,

293 643 422 680 Pallor
450 649 489 680 et
518 643 557 679 in
587 643 696 680 vultu
727 643 837 692 signa
865 650 1037 692 reportat
1067 644 1202 691 humi3

292 707 458 757 Sanguis
486 706 569 745 abit
598 714 854 757 mentemque
882 709 991 746 color
1019 721 1243 758 corpusque
1271 710 1438 759 reliquit,

293 773 470 810 Pulcrior
498 779 557 811 est
586 779 624 811 et
653 785 702 811 eo
731 780 833 811 terra
862 774 994 812 colore
1024 786 1127 812 meo.

291 838 355 876 Sic
384 838 507 887 magis
537 850 560 876 a
588 838 708 887 longo
736 851 896 887 passum
927 839 1037 888 quod
1066 851 1208 888 corpus
1238 839 1449 887 habebam,

290 903 366 940 Vix
395 903 533 941 habuit
561 910 724 941 tenuem
754 916 832 953 qua
860 910 965 953 tegat
994 916 1083 942 ossa
1111 911 1245 942 cutem
1261 917 1271 952 3

292 968 436 1018 Sicque
465 969 534 1007 diu
563 968 731 1018 pauidus
760 969 903 1017 pariter
930 981 1021 1006 cum
1052 976 1185 1007 mente
1215 969 1389 1008 colorem

292 1034 558 1081 Perdideram,
588 1046 666 1083 que
695 1033 750 1071 fui
780 1034 835 1072 sic
864 1046 993 1072 nouus
1022 1034 1119 1072 alter
1147 1047 1234 1084 ego.

291 1099 369 1136 Vix
399 1100 523 1138 fuerat
553 1099 661 1148 quod
691 1112 764 1148 ego
794 1099 920 1137 solida
950 1111 1014 1137 me
1043 1107 1177 1137 mente
1205 1100 1347 1149 recepi,

291 1165 399 1202 Dum
428 1164 535 1202 bona
563 1164 743 1213 promisit
773 1177 855 1202 sors
886 1164 1006 1201 michi
1037 1165 1144 1201 nulla
1172 1165 1319 1203 fidem:

292 1230 385 1267 Non
415 1230 535 1267 michi
564 1228 721 1268 libertas
751 1230 935 1279 cuiquam
967 1236 1116 1267 secreta
1144 1229 1336 1278 loquendi

290 1296 406 1332 Tunc
435 1295 518 1341 fuit,
550 1294 674 1332 immo
704 1295 824 1332 silens
852 1307 896 1332 os
927 1307 997 1332 sua
1026 1294 1144 1332 verba
1173 1301 1292 1333 tenet.

290 1360 329 1398 Si
359 1360 479 1397 michi
509 1372 628 1409 quem
658 1372 772 1398 casus
801 1360 953 1398 socium
983 1360 1255 1398 transduxerat
1285 1361 1388 1408 illuc,

291 1425 529 1463 Miscuimus
558 1425 738 1463 lacrimas
767 1432 916 1463 mestus
945 1431 1108 1475 vterque
1137 1425 1278 1464 simul:

290 1491 398 1529 Raro
427 1491 498 1529 fuit
527 1491 637 1540 quod
666 1503 740 1541 ego
769 1490 897 1529 verbis
927 1489 1082 1528 solabar
1109 1490 1257 1537 amicis,

288 1556 366 1593 Vix
395 1557 488 1606 quia
519 1563 612 1594 tunc
642 1557 746 1595 fidus
775 1569 874 1594 vnus
903 1556 1054 1593 amicus
1083 1563 1190 1595 erat:

290 1622 395 1661 Illud
424 1629 505 1661 erat
534 1629 690 1671 tempus
720 1621 899 1668 dubium,
931 1634 1012 1671 quo
1041 1622 1172 1659 nullus
1200 1622 1373 1659 amicum

288 1688 450 1727 Certum
481 1694 609 1726 certus
628 1686 768 1737 habet,
801 1687 900 1725 sicut
929 1686 1075 1725 habere
1105 1687 1215 1725 solet.

341 1753 422 1801 Qui
451 1754 556 1802 prius
585 1742 767 1791 attulerat
796 1764 933 1791 verum
961 1752 1082 1789 michi
1112 1764 1268 1801 semper
1295 1764 1482 1799 amorem,

287 1818 403 1855 Tunc
432 1825 564 1856 tamen
593 1819 762 1856 aduerso
791 1824 969 1866 tempore
998 1824 1125 1855 cessat
1152 1829 1286 1856 amor:

289 1882 517 1931 Querebam
547 1883 681 1921 fratres
710 1890 805 1920 tunc
835 1883 946 1929 fidos,
979 1894 1060 1919 non
1089 1889 1222 1920 tamen
1252 1883 1359 1931 ipsos

288 1949 402 1996 Quos
432 1960 525 1985 suus
555 1954 708 1997 optaret
738 1960 819 1985 non
848 1947 1033 1996 genuisse
1061 1954 1182 1995 pater.

289 2013 443 2051 Memet
472 2013 512 2050 in
543 2012 695 2050 insidiis
724 2024 880 2061 semper
908 2012 1110 2050 locuturus
1140 2011 1349 2059 habebam,

287 2078 501 2127 Verbaque
530 2090 618 2116 sum
649 2084 832 2126 spectans
860 2090 988 2126 pauca
1016 2077 1171 2114 locutus
1200 2077 1391 2116 humum:

288 2144 487 2193 Tempora
515 2156 606 2181 cum
637 2143 792 2181 blandis
821 2141 1025 2192 absumpsi
1054 2154 1235 2191 vanaque
1263 2142 1403 2190 verbis,

289 2209 397 2246 Dum
426 2221 515 2246 mea
544 2220 627 2246 sors
656 2209 842 2257 cuiquam
871 2214 1029 2258 cogerat
1057 2208 1133 2245 vlla
1162 2207 1282 2257 loqui.

291 2275 395 2313 Iram
424 2274 661 2312 multociens
690 2273 831 2323 frangit
858 2274 1064 2322 responsio
1093 2273 1234 2319 mollis,

289 2337 484 2377 Dulcibus
514 2351 561 2377 ex
589 2338 718 2377 verbis
746 2345 841 2377 tunc
871 2339 943 2376 fuit
973 2339 1057 2388 ipsa
1086 2339 1190 2376 salus
1206 2352 1216 2385 ;

288 2405 471 2453 Sepeque
499 2416 591 2441 cum
620 2404 727 2442 volui
755 2411 921 2442 conatus
951 2403 1070 2442 verba
1099 2403 1280 2452 proferre,

288 2470 508 2518 Torpuerat
535 2469 667 2519 gelido
696 2469 829 2518 lingua
857 2476 1008 2508 retenta
1037 2476 1163 2523 metu3

288 2535 382 2572 Non
411 2546 523 2572 meus
552 2541 592 2572 vt
621 2540 759 2583 querat
785 2546 890 2572 noua
919 2546 1048 2584 sermo
1078 2545 1258 2582 quosque
1287 2533 1434 2582 fatigat,

288 2598 452 2638 Obstitit
479 2599 663 2648 auspiciis
691 2599 823 2648 lingua
851 2606 1003 2638 retenta
1030 2599 1167 2646 mali53

289 2664 391 2713 Sepe
418 2675 549 2702 meam
578 2670 755 2702 mentem
784 2664 891 2702 volui
921 2664 1075 2710 dixisse,
1107 2670 1165 2701 set
1194 2663 1298 2700 hosti

288 2729 461 2767 Prodere
490 2741 555 2766 me
583 2729 707 2776 timui,
743 2730 956 2779 linguaque
985 2729 1111 2767 tardat
1140 2727 1206 2766 ibi.

289 2795 409 2832 Heu!
439 2793 626 2831 miserum
654 2794 772 2832 tristis
800 2795 957 2832 fortuna
985 2794 1175 2832 tenaciter
1202 2799 1323 2842 vrget,

475 2868 560 2908 1485
582 2878 775 2909 corpusque
793 2869 930 2908 reliquit
945 2879 1012 2900 om.
1031 2869 1061 2898 D
1080 2868 1203 2909 (marg.
1221 2868 1349 2910 deficit)

1567 390 1653 430 1480

1565 1051 1650 1084 1490

1562 1703 1648 1734 1500

1561 2355 1645 2388 1510
