<?xml version="1.0" encoding="UTF-8"?>
<!DOCTYPE html PUBLIC "-//W3C//DTD XHTML 1.0 Transitional//EN"
    "http://www.w3.org/TR/xhtml1/DTD/xhtml1-transitional.dtd">
<html xmlns="http://www.w3.org/1999/xhtml" xml:lang="en" lang="en">
 <head>
  <title>
</title>
<meta http-equiv="Content-Type" content="text/html;charset=utf-8" />
  <meta name='ocr-system' content='tesseract 3.04.00' />
  <meta name='ocr-capabilities' content='ocr_page ocr_carea ocr_par ocr_line ocrx_word'/>
</head>
<body>
  <div class='ocr_page' id='page_1' title='image "./completeworksofj04gowe_0227.png"; bbox 0 0 2095 3173; ppageno 0'>
   <div class='ocr_carea' id='block_1_1' title="bbox 596 221 1098 263">
    <p class='ocr_par' dir='ltr' id='par_1_1' title="bbox 596 221 1098 263">
     <span class='ocr_line' id='line_1_1' title="bbox 596 221 1098 263; baseline 0.002 -1"><span class='ocrx_word' id='word_1_1' title='bbox 596 221 785 262; x_wconf 88' lang='lat' dir='ltr'>LIBER</span> <span class='ocrx_word' id='word_1_2' title='bbox 824 221 1098 263; x_wconf 88' lang='lat' dir='ltr'>TERCIUS</span> 
     </span>
    </p>
   </div>
   <div class='ocr_carea' id='block_1_2' title="bbox 225 327 1404 2838">
    <p class='ocr_par' dir='ltr' id='par_1_2' title="bbox 225 327 1404 636">
     <span class='ocr_line' id='line_1_2' title="bbox 227 327 1098 367; baseline 0.001 -2"><span class='ocrx_word' id='word_1_3' title='bbox 227 327 357 366; x_wconf 86' lang='lat' dir='ltr'>Immo</span> <span class='ocrx_word' id='word_1_4' title='bbox 386 328 506 367; x_wconf 91' lang='lat' dir='ltr'>deum</span> <span class='ocrx_word' id='word_1_5' title='bbox 535 334 620 366; x_wconf 86' lang='lat' dir='ltr'>toto</span> <span class='ocrx_word' id='word_1_6' title='bbox 649 327 779 366; x_wconf 91' lang='lat' dir='ltr'>cordis</span> <span class='ocrx_word' id='word_1_7' title='bbox 808 328 958 367; x_wconf 84' lang='lat' dir='ltr'>honore</span> <span class='ocrx_word' id='word_1_8' title='bbox 987 328 1098 366; x_wconf 88' lang='lat' dir='ltr'>cole.’</span> 
     </span>
     <span class='ocr_line' id='line_1_3' title="bbox 227 391 1279 441; baseline 0.002 -11"><span class='ocrx_word' id='word_1_9' title='bbox 227 394 380 441; x_wconf 86' lang='lat' dir='ltr'>‘Quem</span> <span class='ocrx_word' id='word_1_10' title='bbox 410 400 542 431; x_wconf 84' lang='lat' dir='ltr'>tamen</span> <span class='ocrx_word' id='word_1_11' title='bbox 571 391 611 430; x_wconf 91' lang='lat' dir='ltr'>in</span> <span class='ocrx_word' id='word_1_12' title='bbox 640 391 749 430; x_wconf 86' lang='lat' dir='ltr'>terris</span> <span class='ocrx_word' id='word_1_13' title='bbox 779 392 933 431; x_wconf 91' lang='lat' dir='ltr'>celestis</span> <span class='ocrx_word' id='word_1_14' title='bbox 962 392 1059 431; x_wconf 91' lang='lat' dir='ltr'>ciuis</span> <span class='ocrx_word' id='word_1_15' title='bbox 1088 394 1279 432; x_wconf 82' lang='lat' dir='ltr'>honorem</span> 
     </span>
     <span class='ocr_line' id='line_1_4' title="bbox 225 456 1136 507; baseline -0.001 -11"><span class='ocrx_word' id='word_1_16' title='bbox 225 456 403 507; x_wconf 83' lang='lat' dir='ltr'><strong>Respuit,</strong></span> <span class='ocrx_word' id='word_1_17' title='bbox 435 458 542 495; x_wconf 90' lang='lat' dir='ltr'>hunc</span> <span class='ocrx_word' id='word_1_18' title='bbox 571 456 710 507; x_wconf 90' lang='lat' dir='ltr'>repetit</span> <span class='ocrx_word' id='word_1_19' title='bbox 738 456 846 495; x_wconf 88' lang='lat' dir='ltr'>curia</span> <span class='ocrx_word' id='word_1_20' title='bbox 873 464 1007 496; x_wconf 87' lang='lat' dir='ltr'>nostra</span> <span class='ocrx_word' id='word_1_21' title='bbox 1035 457 1110 496; x_wconf 84' lang='lat' dir='ltr'>sibi</span> <span class='ocrx_word' id='word_1_22' title='bbox 1125 472 1136 506; x_wconf 81' lang='lat'><em>3</em></span> 
     </span>
     <span class='ocr_line' id='line_1_5' title="bbox 225 521 1404 572; baseline 0.003 -13"><span class='ocrx_word' id='word_1_23' title='bbox 225 522 413 560; x_wconf 81' lang='lat' dir='ltr'>Flectitur</span> <span class='ocrx_word' id='word_1_24' title='bbox 442 521 535 560; x_wconf 90' lang='lat' dir='ltr'>inde</span> <span class='ocrx_word' id='word_1_25' title='bbox 563 534 678 571; x_wconf 87' lang='lat' dir='ltr'>genu,</span> <span class='ocrx_word' id='word_1_26' title='bbox 709 534 788 571; x_wconf 90' lang='lat' dir='ltr'>que</span> <span class='ocrx_word' id='word_1_27' title='bbox 816 523 939 572; x_wconf 93' lang='lat' dir='ltr'>pedes</span> <span class='ocrx_word' id='word_1_28' title='bbox 968 529 1057 572; x_wconf 86' lang='lat' dir='ltr'>post</span> <span class='ocrx_word' id='word_1_29' title='bbox 1086 525 1222 562; x_wconf 85' lang='lat' dir='ltr'>oscula</span> <span class='ocrx_word' id='word_1_30' title='bbox 1251 530 1404 563; x_wconf 90' lang='lat' dir='ltr'>nostros</span> 
     </span>
     <span class='ocr_line' id='line_1_6' title="bbox 226 585 1094 636; baseline 0.002 -13"><span class='ocrx_word' id='word_1_31' title='bbox 226 587 417 632; x_wconf 89' lang='lat' dir='ltr'>Mulcent,</span> <span class='ocrx_word' id='word_1_32' title='bbox 449 593 490 624; x_wconf 91' lang='lat' dir='ltr'>vt</span> <span class='ocrx_word' id='word_1_33' title='bbox 519 585 637 625; x_wconf 92' lang='lat' dir='ltr'>Cristi</span> <span class='ocrx_word' id='word_1_34' title='bbox 665 599 734 636; x_wconf 87' lang='lat' dir='ltr'>pes</span> <span class='ocrx_word' id='word_1_35' title='bbox 763 587 863 624; x_wconf 89' lang='lat' dir='ltr'>foret</span> <span class='ocrx_word' id='word_1_36' title='bbox 890 587 987 625; x_wconf 87' lang='lat' dir='ltr'>alter</span> <span class='ocrx_word' id='word_1_37' title='bbox 1015 586 1094 625; x_wconf 91' lang='lat' dir='ltr'>ibi.’</span> 
     </span>
    </p>

    <p class='ocr_par' dir='ltr' id='par_1_3' title="bbox 225 649 1390 2193">
     <span class='ocr_line' id='line_1_7' title="bbox 281 649 1317 703; baseline 0.004 -15"><span class='ocrx_word' id='word_1_38' title='bbox 281 650 451 701; x_wconf 89' lang='lat' dir='ltr'>Precipit</span> <span class='ocrx_word' id='word_1_39' title='bbox 480 652 557 689; x_wconf 93' lang='lat' dir='ltr'>hoc</span> <span class='ocrx_word' id='word_1_40' title='bbox 586 650 749 698; x_wconf 89' lang='lat' dir='ltr'>Cristus,</span> <span class='ocrx_word' id='word_1_41' title='bbox 780 649 864 688; x_wconf 86' lang='lat' dir='ltr'>eius</span> <span class='ocrx_word' id='word_1_42' title='bbox 894 652 1003 700; x_wconf 91' lang='lat' dir='ltr'>quod</span> <span class='ocrx_word' id='word_1_43' title='bbox 1033 651 1317 703; x_wconf 88' lang='lat' dir='ltr'>discipulorum</span> 
     </span>
     <span class='ocr_line' id='line_1_8' title="bbox 225 714 1149 765; baseline 0.001 -11"><span class='ocrx_word' id='word_1_44' title='bbox 225 716 356 754; x_wconf 90' lang='lat' dir='ltr'>Nemo</span> <span class='ocrx_word' id='word_1_45' title='bbox 385 714 504 765; x_wconf 90' lang='lat' dir='ltr'>patris</span> <span class='ocrx_word' id='word_1_46' title='bbox 532 727 681 753; x_wconf 90' lang='lat' dir='ltr'>nomen</span> <span class='ocrx_word' id='word_1_47' title='bbox 710 722 848 764; x_wconf 90' lang='lat' dir='ltr'>querat</span> <span class='ocrx_word' id='word_1_48' title='bbox 876 716 1022 755; x_wconf 87' lang='lat' dir='ltr'>habere</span> <span class='ocrx_word' id='word_1_49' title='bbox 1051 716 1149 755; x_wconf 88' lang='lat' dir='ltr'>sibi:</span> 
     </span>
     <span class='ocr_line' id='line_1_9' title="bbox 226 778 1215 829; baseline 0.002 -11"><span class='ocrx_word' id='word_1_50' title='bbox 226 781 274 818; x_wconf 92' lang='lat' dir='ltr'>In</span> <span class='ocrx_word' id='word_1_51' title='bbox 304 781 390 819; x_wconf 92' lang='lat' dir='ltr'>celo</span> <span class='ocrx_word' id='word_1_52' title='bbox 420 778 544 818; x_wconf 86' lang='lat' dir='ltr'>sancti</span> <span class='ocrx_word' id='word_1_53' title='bbox 573 781 819 829; x_wconf 86' lang='lat' dir='ltr'>proclamant</span> <span class='ocrx_word' id='word_1_54' title='bbox 851 781 1061 819; x_wconf 86' lang='lat' dir='ltr'>‘Sanctus&#39;</span> <span class='ocrx_word' id='word_1_55' title='bbox 1089 789 1130 820; x_wconf 88' lang='lat' dir='ltr'>vt</span> <span class='ocrx_word' id='word_1_56' title='bbox 1159 781 1215 820; x_wconf 92' lang='lat' dir='ltr'>illi</span> 
     </span>
     <span class='ocr_line' id='line_1_10' title="bbox 227 844 1111 895; baseline 0.002 -12"><span class='ocrx_word' id='word_1_57' title='bbox 227 844 308 894; x_wconf 88' lang='lat' dir='ltr'>Qui</span> <span class='ocrx_word' id='word_1_58' title='bbox 336 846 448 883; x_wconf 91' lang='lat' dir='ltr'>sedet</span> <span class='ocrx_word' id='word_1_59' title='bbox 476 844 517 882; x_wconf 92' lang='lat' dir='ltr'>in</span> <span class='ocrx_word' id='word_1_60' title='bbox 547 844 646 884; x_wconf 87' lang='lat' dir='ltr'>solio</span> <span class='ocrx_word' id='word_1_61' title='bbox 676 844 818 895; x_wconf 86' lang='lat' dir='ltr'>dignus</span> <span class='ocrx_word' id='word_1_62' title='bbox 847 846 999 884; x_wconf 82' lang='lat' dir='ltr'>honore</span> <span class='ocrx_word' id='word_1_63' title='bbox 1029 859 1111 885; x_wconf 90' lang='lat' dir='ltr'>suo.</span> 
     </span>
     <span class='ocr_line' id='line_1_11' title="bbox 228 910 1370 964; baseline 0.004 -16"><span class='ocrx_word' id='word_1_64' title='bbox 228 912 335 949; x_wconf 93' lang='lat' dir='ltr'>‘Nos</span> <span class='ocrx_word' id='word_1_65' title='bbox 365 918 498 949; x_wconf 88' lang='lat' dir='ltr'>tamen</span> <span class='ocrx_word' id='word_1_66' title='bbox 526 910 567 948; x_wconf 91' lang='lat' dir='ltr'>in</span> <span class='ocrx_word' id='word_1_67' title='bbox 596 918 713 960; x_wconf 87' lang='lat' dir='ltr'>gente</span> <span class='ocrx_word' id='word_1_68' title='bbox 742 923 891 949; x_wconf 91' lang='lat' dir='ltr'>nornen</span> <span class='ocrx_word' id='word_1_69' title='bbox 919 918 1121 961; x_wconf 89' lang='lat' dir='ltr'>portamus</span> <span class='ocrx_word' id='word_1_70' title='bbox 1150 919 1370 964; x_wconf 81' lang='lat' dir='ltr'>Vtrumque,</span> 
     </span>
     <span class='ocr_line' id='line_1_12' title="bbox 227 975 1267 1026; baseline 0.001 -11"><span class='ocrx_word' id='word_1_71' title='bbox 227 976 301 1015; x_wconf 82' lang='lat' dir='ltr'>“O</span> <span class='ocrx_word' id='word_1_72' title='bbox 331 983 450 1026; x_wconf 85' lang='lat' dir='ltr'>pater,</span> <span class='ocrx_word' id='word_1_73' title='bbox 482 989 506 1014; x_wconf 94' lang='lat' dir='ltr'>o</span> <span class='ocrx_word' id='word_1_74' title='bbox 536 976 705 1023; x_wconf 86' lang='lat' dir='ltr'>sancte‚&#39;&#39;</span> <span class='ocrx_word' id='word_1_75' title='bbox 726 975 894 1026; x_wconf 91' lang='lat' dir='ltr'>quisque</span> <span class='ocrx_word' id='word_1_76' title='bbox 923 977 1075 1024; x_wconf 88' lang='lat' dir='ltr'>salutat,</span> <span class='ocrx_word' id='word_1_77' title='bbox 1101 979 1267 1016; x_wconf 84' lang='lat' dir='ltr'>“aue!”</span> 
     </span>
     <span class='ocr_line' id='line_1_13' title="bbox 227 1040 1228 1091; baseline 0.001 -12"><span class='ocrx_word' id='word_1_78' title='bbox 227 1040 365 1079; x_wconf 88' lang='lat' dir='ltr'>Extitit</span> <span class='ocrx_word' id='word_1_79' title='bbox 393 1053 417 1078; x_wconf 89' lang='lat' dir='ltr'>a</span> <span class='ocrx_word' id='word_1_80' title='bbox 446 1040 576 1080; x_wconf 88' lang='lat' dir='ltr'>Cristo</span> <span class='ocrx_word' id='word_1_81' title='bbox 605 1042 698 1079; x_wconf 85' lang='lat' dir='ltr'>data</span> <span class='ocrx_word' id='word_1_82' title='bbox 726 1040 841 1079; x_wconf 91' lang='lat' dir='ltr'>nobis</span> <span class='ocrx_word' id='word_1_83' title='bbox 871 1053 1014 1090; x_wconf 85' lang='lat' dir='ltr'>magna</span> <span class='ocrx_word' id='word_1_84' title='bbox 1041 1048 1228 1091; x_wconf 88' lang='lat' dir='ltr'>potestas,</span> 
     </span>
     <span class='ocr_line' id='line_1_14' title="bbox 225 1105 1202 1155; baseline 0.002 -13"><span class='ocrx_word' id='word_1_85' title='bbox 225 1105 413 1155; x_wconf 87' lang='lat' dir='ltr'>Vndique</span> <span class='ocrx_word' id='word_1_86' title='bbox 442 1118 562 1155; x_wconf 91' lang='lat' dir='ltr'>quam</span> <span class='ocrx_word' id='word_1_87' title='bbox 591 1106 764 1144; x_wconf 91' lang='lat' dir='ltr'>mundus</span> <span class='ocrx_word' id='word_1_88' title='bbox 792 1105 1032 1155; x_wconf 89' lang='lat' dir='ltr'>amplificare</span> <span class='ocrx_word' id='word_1_89' title='bbox 1060 1107 1202 1145; x_wconf 91' lang='lat' dir='ltr'>studet.</span> 
     </span>
     <span class='ocr_line' id='line_1_15' title="bbox 226 1170 1371 1222; baseline 0.001 -13"><span class='ocrx_word' id='word_1_90' title='bbox 226 1172 320 1209; x_wconf 91' lang='lat' dir='ltr'>Hoc</span> <span class='ocrx_word' id='word_1_91' title='bbox 349 1170 398 1209; x_wconf 91' lang='lat' dir='ltr'>sit</span> <span class='ocrx_word' id='word_1_92' title='bbox 426 1177 467 1209; x_wconf 92' lang='lat' dir='ltr'>vt</span> <span class='ocrx_word' id='word_1_93' title='bbox 495 1183 580 1209; x_wconf 92' lang='lat' dir='ltr'>esse</span> <span class='ocrx_word' id='word_1_94' title='bbox 608 1177 762 1220; x_wconf 89' lang='lat' dir='ltr'>potest:</span> <span class='ocrx_word' id='word_1_95' title='bbox 795 1172 924 1208; x_wconf 90' lang='lat' dir='ltr'>celum</span> <span class='ocrx_word' id='word_1_96' title='bbox 955 1170 1197 1221; x_wconf 87' lang='lat' dir='ltr'>quicumque</span> <span class='ocrx_word' id='word_1_97' title='bbox 1225 1171 1371 1222; x_wconf 83' lang='lat' dir='ltr'>ligabit,</span> 
     </span>
     <span class='ocr_line' id='line_1_16' title="bbox 227 1234 1149 1285; baseline 0 -11"><span class='ocrx_word' id='word_1_98' title='bbox 227 1235 381 1274; x_wconf 84' lang='lat' dir='ltr'>Scimus</span> <span class='ocrx_word' id='word_1_99' title='bbox 410 1248 484 1274; x_wconf 89' lang='lat' dir='ltr'>nos</span> <span class='ocrx_word' id='word_1_100' title='bbox 513 1236 709 1274; x_wconf 90' lang='lat' dir='ltr'>mundum</span> <span class='ocrx_word' id='word_1_101' title='bbox 737 1248 855 1285; x_wconf 89' lang='lat' dir='ltr'>posse</span> <span class='ocrx_word' id='word_1_102' title='bbox 884 1234 1003 1285; x_wconf 85' lang='lat' dir='ltr'>ligare</span> <span class='ocrx_word' id='word_1_103' title='bbox 1032 1235 1149 1274; x_wconf 87' lang='lat' dir='ltr'>satis:</span> 
     </span>
     <span class='ocr_line' id='line_1_17' title="bbox 226 1299 1242 1351; baseline 0.001 -12"><span class='ocrx_word' id='word_1_104' title='bbox 226 1301 332 1339; x_wconf 86' lang='lat' dir='ltr'>Nam</span> <span class='ocrx_word' id='word_1_105' title='bbox 362 1302 484 1339; x_wconf 92' lang='lat' dir='ltr'>modo</span> <span class='ocrx_word' id='word_1_106' title='bbox 513 1302 575 1339; x_wconf 84' lang='lat' dir='ltr'>lex</span> <span class='ocrx_word' id='word_1_107' title='bbox 602 1299 731 1351; x_wconf 89' lang='lat' dir='ltr'>posita</span> <span class='ocrx_word' id='word_1_108' title='bbox 758 1300 953 1339; x_wconf 87' lang='lat' dir='ltr'>bellorum</span> <span class='ocrx_word' id='word_1_109' title='bbox 982 1299 1096 1351; x_wconf 90' lang='lat' dir='ltr'>ponit</span> <span class='ocrx_word' id='word_1_110' title='bbox 1123 1314 1242 1340; x_wconf 83' lang='lat' dir='ltr'>auara</span> 
     </span>
     <span class='ocr_line' id='line_1_18' title="bbox 228 1364 1065 1415; baseline 0 -11"><span class='ocrx_word' id='word_1_111' title='bbox 228 1367 350 1415; x_wconf 86' lang='lat' dir='ltr'>Quod</span> <span class='ocrx_word' id='word_1_112' title='bbox 379 1367 481 1404; x_wconf 85' lang='lat' dir='ltr'>valet</span> <span class='ocrx_word' id='word_1_113' title='bbox 509 1364 676 1404; x_wconf 88' lang='grc'><strong>00010513</strong></span> <span class='ocrx_word' id='word_1_114' title='bbox 703 1364 741 1403; x_wconf 88' lang='lat' dir='ltr'>vi</span> <span class='ocrx_word' id='word_1_115' title='bbox 769 1378 956 1404; x_wconf 86' lang='lat' dir='ltr'>reuocare</span> <span class='ocrx_word' id='word_1_116' title='bbox 985 1378 1065 1404; x_wconf 87' lang='lat' dir='ltr'>sua.</span> 
     </span>
     <span class='ocr_line' id='line_1_19' title="bbox 226 1429 1254 1481; baseline 0 -11"><span class='ocrx_word' id='word_1_117' title='bbox 226 1432 293 1470; x_wconf 89' lang='lat' dir='ltr'>Set</span> <span class='ocrx_word' id='word_1_118' title='bbox 323 1430 515 1481; x_wconf 87' lang='lat' dir='ltr'>quicquid</span> <span class='ocrx_word' id='word_1_119' title='bbox 543 1431 669 1469; x_wconf 91' lang='lat' dir='ltr'>clerus</span> <span class='ocrx_word' id='word_1_120' title='bbox 699 1429 798 1480; x_wconf 85' lang='lat' dir='ltr'>rapit</span> <span class='ocrx_word' id='word_1_121' title='bbox 827 1437 866 1469; x_wconf 92' lang='lat' dir='ltr'>et</span> <span class='ocrx_word' id='word_1_122' title='bbox 895 1437 1002 1469; x_wconf 89' lang='lat' dir='ltr'>tenet</span> <span class='ocrx_word' id='word_1_123' title='bbox 1031 1443 1078 1469; x_wconf 84' lang='lat' dir='ltr'>ex</span> <span class='ocrx_word' id='word_1_124' title='bbox 1106 1430 1254 1479; x_wconf 86' lang='lat' dir='ltr'>alienis,</span> 
     </span>
     <span class='ocr_line' id='line_1_20' title="bbox 227 1496 1137 1534; baseline -0.001 0"><span class='ocrx_word' id='word_1_125' title='bbox 227 1497 321 1534; x_wconf 92' lang='lat' dir='ltr'>Hoc</span> <span class='ocrx_word' id='word_1_126' title='bbox 349 1496 452 1534; x_wconf 90' lang='lat' dir='ltr'>valet</span> <span class='ocrx_word' id='word_1_127' title='bbox 479 1508 503 1534; x_wconf 87' lang='lat' dir='ltr'>a</span> <span class='ocrx_word' id='word_1_128' title='bbox 531 1496 636 1534; x_wconf 90' lang='lat' dir='ltr'>clero</span> <span class='ocrx_word' id='word_1_129' title='bbox 665 1496 802 1534; x_wconf 89' lang='lat' dir='ltr'>tollere</span> <span class='ocrx_word' id='word_1_130' title='bbox 830 1496 961 1533; x_wconf 90' lang='lat' dir='ltr'>nullus</span> <span class='ocrx_word' id='word_1_131' title='bbox 990 1496 1137 1534; x_wconf 89' lang='lat' dir='ltr'>homo.’</span> 
     </span>
     <span class='ocr_line' id='line_1_21' title="bbox 227 1559 1390 1610; baseline 0.003 -12"><span class='ocrx_word' id='word_1_132' title='bbox 227 1559 431 1610; x_wconf 87' lang='lat' dir='ltr'>Quicquid</span> <span class='ocrx_word' id='word_1_133' title='bbox 459 1560 579 1598; x_wconf 88' lang='lat' dir='ltr'>habet</span> <span class='ocrx_word' id='word_1_134' title='bbox 607 1561 732 1598; x_wconf 90' lang='lat' dir='ltr'>clerus</span> <span class='ocrx_word' id='word_1_135' title='bbox 762 1559 940 1610; x_wconf 90' lang='lat' dir='ltr'>proprios</span> <span class='ocrx_word' id='word_1_136' title='bbox 969 1561 1047 1599; x_wconf 91' lang='lat' dir='ltr'>hoc</span> <span class='ocrx_word' id='word_1_137' title='bbox 1075 1559 1190 1599; x_wconf 90' lang='lat' dir='ltr'>vertit</span> <span class='ocrx_word' id='word_1_138' title='bbox 1218 1560 1259 1599; x_wconf 89' lang='lat' dir='ltr'>in</span> <span class='ocrx_word' id='word_1_139' title='bbox 1287 1575 1390 1610; x_wconf 83' lang='lat' dir='ltr'>vsus,</span> 
     </span>
     <span class='ocr_line' id='line_1_22' title="bbox 227 1624 1132 1675; baseline 0.002 -13"><span class='ocrx_word' id='word_1_140' title='bbox 227 1626 289 1663; x_wconf 92' lang='lat' dir='ltr'>De</span> <span class='ocrx_word' id='word_1_141' title='bbox 319 1624 426 1663; x_wconf 86' lang='lat' dir='ltr'>laicis</span> <span class='ocrx_word' id='word_1_142' title='bbox 455 1632 607 1675; x_wconf 85' lang='lat' dir='ltr'>partem</span> <span class='ocrx_word' id='word_1_143' title='bbox 635 1626 719 1663; x_wconf 86' lang='lat' dir='ltr'>vult</span> <span class='ocrx_word' id='word_1_144' title='bbox 747 1632 806 1663; x_wconf 89' lang='lat' dir='ltr'>set</span> <span class='ocrx_word' id='word_1_145' title='bbox 835 1625 980 1664; x_wconf 90' lang='lat' dir='ltr'>habere</span> <span class='ocrx_word' id='word_1_146' title='bbox 1009 1638 1132 1664; x_wconf 86' lang='lat' dir='ltr'>suam.</span> 
     </span>
     <span class='ocr_line' id='line_1_23' title="bbox 226 1688 1230 1737; baseline 0.001 -9"><span class='ocrx_word' id='word_1_147' title='bbox 226 1688 308 1728; x_wconf 93' lang='lat' dir='ltr'>Hic</span> <span class='ocrx_word' id='word_1_148' title='bbox 338 1689 444 1728; x_wconf 84' lang='lat' dir='ltr'>bona</span> <span class='ocrx_word' id='word_1_149' title='bbox 472 1696 616 1728; x_wconf 88' lang='lat' dir='ltr'>cuncta</span> <span class='ocrx_word' id='word_1_150' title='bbox 643 1702 715 1728; x_wconf 87' lang='lat' dir='ltr'>sua</span> <span class='ocrx_word' id='word_1_151' title='bbox 742 1690 825 1728; x_wconf 90' lang='lat' dir='ltr'>fore</span> <span class='ocrx_word' id='word_1_152' title='bbox 853 1689 949 1728; x_wconf 92' lang='lat' dir='ltr'>dicit</span> <span class='ocrx_word' id='word_1_153' title='bbox 977 1689 1230 1737; x_wconf 86' lang='lat' dir='ltr'>sanctificata,</span> 
     </span>
     <span class='ocr_line' id='line_1_24' title="bbox 226 1753 1183 1803; baseline 0.001 -11"><span class='ocrx_word' id='word_1_154' title='bbox 226 1755 314 1793; x_wconf 95' lang='lat' dir='ltr'>Nec</span> <span class='ocrx_word' id='word_1_155' title='bbox 342 1754 434 1793; x_wconf 89' lang='grc'><strong>11001</strong></span> <span class='ocrx_word' id='word_1_156' title='bbox 461 1761 502 1793; x_wconf 91' lang='lat' dir='ltr'>vt</span> <span class='ocrx_word' id='word_1_157' title='bbox 530 1753 651 1793; x_wconf 84' lang='lat' dir='ltr'>laicus</span> <span class='ocrx_word' id='word_1_158' title='bbox 680 1754 810 1793; x_wconf 87' lang='lat' dir='ltr'>mittat</span> <span class='ocrx_word' id='word_1_159' title='bbox 837 1755 889 1793; x_wconf 89' lang='lat' dir='ltr'>ad</span> <span class='ocrx_word' id='word_1_160' title='bbox 917 1754 983 1793; x_wconf 82' lang='lat' dir='ltr'>illa</span> <span class='ocrx_word' id='word_1_161' title='bbox 1011 1768 1151 1793; x_wconf 89' lang='lat' dir='ltr'>manus</span> <span class='ocrx_word' id='word_1_162' title='bbox 1171 1770 1183 1803; x_wconf 81' lang='lat'>,-</span> 
     </span>
     <span class='ocr_line' id='line_1_25' title="bbox 228 1819 1237 1870; baseline 0.001 -13"><span class='ocrx_word' id='word_1_163' title='bbox 228 1821 384 1858; x_wconf 90' lang='lat' dir='ltr'>Partem</span> <span class='ocrx_word' id='word_1_164' title='bbox 413 1821 484 1858; x_wconf 92' lang='lat' dir='ltr'>sed</span> <span class='ocrx_word' id='word_1_165' title='bbox 512 1819 602 1858; x_wconf 85' lang='lat' dir='ltr'>laici</span> <span class='ocrx_word' id='word_1_166' title='bbox 629 1819 728 1870; x_wconf 90' lang='lat' dir='ltr'>petit</span> <span class='ocrx_word' id='word_1_167' title='bbox 756 1819 840 1870; x_wconf 89' lang='lat' dir='ltr'>ipse</span> <span class='ocrx_word' id='word_1_168' title='bbox 868 1832 938 1869; x_wconf 89' lang='lat' dir='ltr'>per</span> <span class='ocrx_word' id='word_1_169' title='bbox 966 1819 1101 1857; x_wconf 82' lang='lat' dir='ltr'>omnia</span> <span class='ocrx_word' id='word_1_170' title='bbox 1129 1820 1237 1867; x_wconf 90' lang='lat' dir='ltr'>lucri,</span> 
     </span>
     <span class='ocr_line' id='line_1_26' title="bbox 228 1883 1123 1934; baseline 0 -12"><span class='ocrx_word' id='word_1_171' title='bbox 228 1885 315 1923; x_wconf 93' lang='lat' dir='ltr'>Nec</span> <span class='ocrx_word' id='word_1_172' title='bbox 343 1886 426 1922; x_wconf 88' lang='lat' dir='ltr'>vult</span> <span class='ocrx_word' id='word_1_173' title='bbox 454 1897 546 1922; x_wconf 89' lang='lat' dir='ltr'>cum</span> <span class='ocrx_word' id='word_1_174' title='bbox 575 1885 752 1934; x_wconf 86' lang='lat' dir='ltr'>dampno</span> <span class='ocrx_word' id='word_1_175' title='bbox 780 1883 1012 1934; x_wconf 85' lang='lat' dir='ltr'>participare</span> <span class='ocrx_word' id='word_1_176' title='bbox 1040 1896 1123 1923; x_wconf 89' lang='lat' dir='ltr'>suo.</span> 
     </span>
     <span class='ocr_line' id='line_1_27' title="bbox 229 1947 1296 1997; baseline 0.001 -10"><span class='ocrx_word' id='word_1_177' title='bbox 229 1948 269 1987; x_wconf 89' lang='lat' dir='ltr'>Si</span> <span class='ocrx_word' id='word_1_178' title='bbox 298 1948 521 1987; x_wconf 91' lang='lat' dir='ltr'>communis</span> <span class='ocrx_word' id='word_1_179' title='bbox 549 1961 661 1987; x_wconf 85' lang='lat' dir='ltr'>amor</span> <span class='ocrx_word' id='word_1_180' title='bbox 688 1947 814 1995; x_wconf 90' lang='lat' dir='ltr'>fuerit,</span> <span class='ocrx_word' id='word_1_181' title='bbox 845 1961 1060 1987; x_wconf 90' lang='lat' dir='ltr'>commune</span> <span class='ocrx_word' id='word_1_182' title='bbox 1088 1948 1138 1987; x_wconf 90' lang='grc'>511</span> <span class='ocrx_word' id='word_1_183' title='bbox 1166 1961 1296 1997; x_wconf 90' lang='lat' dir='ltr'>omne,</span> 
     </span>
     <span class='ocr_line' id='line_1_28' title="bbox 230 2012 1250 2063; baseline 0.001 -12"><span class='ocrx_word' id='word_1_184' title='bbox 230 2015 352 2062; x_wconf 87' lang='lat' dir='ltr'>Quod</span> <span class='ocrx_word' id='word_1_185' title='bbox 380 2013 504 2063; x_wconf 93' lang='lat' dir='ltr'>liquet</span> <span class='ocrx_word' id='word_1_186' title='bbox 532 2014 761 2051; x_wconf 88' lang='lat' dir='ltr'>alterutrum</span> <span class='ocrx_word' id='word_1_187' title='bbox 789 2025 907 2063; x_wconf 90' lang='lat' dir='ltr'>posse</span> <span class='ocrx_word' id='word_1_188' title='bbox 935 2012 1070 2052; x_wconf 87' lang='lat' dir='ltr'>iuuare</span> <span class='ocrx_word' id='word_1_189' title='bbox 1098 2012 1250 2052; x_wconf 88' lang='lat' dir='ltr'>virum:</span> 
     </span>
     <span class='ocr_line' id='line_1_29' title="bbox 228 2077 1313 2128; baseline 0.001 -11"><span class='ocrx_word' id='word_1_190' title='bbox 228 2080 295 2117; x_wconf 87' lang='lat' dir='ltr'>Set</span> <span class='ocrx_word' id='word_1_191' title='bbox 323 2078 416 2128; x_wconf 90' lang='lat' dir='ltr'>quia</span> <span class='ocrx_word' id='word_1_192' title='bbox 444 2077 522 2116; x_wconf 88' lang='lat' dir='ltr'>iam</span> <span class='ocrx_word' id='word_1_193' title='bbox 551 2079 677 2117; x_wconf 88' lang='lat' dir='ltr'>clerus</span> <span class='ocrx_word' id='word_1_194' title='bbox 706 2090 788 2116; x_wconf 92' lang='lat' dir='ltr'>non</span> <span class='ocrx_word' id='word_1_195' title='bbox 818 2085 877 2116; x_wconf 89' lang='lat' dir='ltr'>est</span> <span class='ocrx_word' id='word_1_196' title='bbox 905 2077 1129 2116; x_wconf 90' lang='lat' dir='ltr'>communis</span> <span class='ocrx_word' id='word_1_197' title='bbox 1157 2078 1313 2127; x_wconf 87' lang='lat' dir='ltr'>amoris,</span> 
     </span>
     <span class='ocr_line' id='line_1_30' title="bbox 229 2142 1104 2193; baseline 0 -12"><span class='ocrx_word' id='word_1_198' title='bbox 229 2142 432 2193; x_wconf 86' lang='lat' dir='ltr'>Quicquid</span> <span class='ocrx_word' id='word_1_199' title='bbox 461 2144 582 2182; x_wconf 90' lang='lat' dir='ltr'>habet</span> <span class='ocrx_word' id='word_1_200' title='bbox 610 2142 683 2182; x_wconf 90' lang='lat' dir='ltr'>soli</span> <span class='ocrx_word' id='word_1_201' title='bbox 712 2144 795 2181; x_wconf 90' lang='lat' dir='ltr'>vult</span> <span class='ocrx_word' id='word_1_202' title='bbox 824 2142 990 2182; x_wconf 89' lang='lat' dir='ltr'>retinere</span> <span class='ocrx_word' id='word_1_203' title='bbox 1019 2143 1104 2182; x_wconf 91' lang='lat' dir='ltr'>sibi.</span> 
     </span>
    </p>

    <p class='ocr_par' dir='ltr' id='par_1_4' title="bbox 228 2207 1321 2838">
     <span class='ocr_line' id='line_1_31' title="bbox 284 2207 1321 2259; baseline 0.002 -13"><span class='ocrx_word' id='word_1_204' title='bbox 284 2210 343 2246; x_wconf 86' lang='lat' dir='ltr'>Ex</span> <span class='ocrx_word' id='word_1_205' title='bbox 370 2207 491 2247; x_wconf 88' lang='lat' dir='ltr'>veteri</span> <span class='ocrx_word' id='word_1_206' title='bbox 520 2209 605 2258; x_wconf 87' lang='lat' dir='ltr'>lege</span> <span class='ocrx_word' id='word_1_207' title='bbox 633 2215 789 2258; x_wconf 89' lang='lat' dir='ltr'>raptum</span> <span class='ocrx_word' id='word_1_208' title='bbox 818 2207 867 2246; x_wconf 91' lang='lat' dir='ltr'>sit</span> <span class='ocrx_word' id='word_1_209' title='bbox 895 2207 1087 2259; x_wconf 90' lang='lat' dir='ltr'>quicquid</span> <span class='ocrx_word' id='word_1_210' title='bbox 1115 2209 1167 2248; x_wconf 86' lang='lat' dir='ltr'>ab</span> <span class='ocrx_word' id='word_1_211' title='bbox 1197 2211 1321 2258; x_wconf 88' lang='lat' dir='ltr'>hoste,</span> 
     </span>
     <span class='ocr_line' id='line_1_32' title="bbox 228 2272 1139 2322; baseline 0.001 -11"><span class='ocrx_word' id='word_1_212' title='bbox 228 2274 322 2311; x_wconf 93' lang='lat' dir='ltr'>Non</span> <span class='ocrx_word' id='word_1_213' title='bbox 351 2274 455 2311; x_wconf 89' lang='lat' dir='ltr'>valet</span> <span class='ocrx_word' id='word_1_214' title='bbox 483 2273 580 2312; x_wconf 90' lang='lat' dir='ltr'>illud</span> <span class='ocrx_word' id='word_1_215' title='bbox 609 2274 732 2312; x_wconf 92' lang='lat' dir='ltr'>homo</span> <span class='ocrx_word' id='word_1_216' title='bbox 762 2272 1006 2312; x_wconf 89' lang='lat' dir='ltr'>sanctificare</span> <span class='ocrx_word' id='word_1_217' title='bbox 1035 2274 1112 2313; x_wconf 93' lang='lat' dir='ltr'>deo</span> <span class='ocrx_word' id='word_1_218' title='bbox 1128 2288 1139 2322; x_wconf 81' lang='lat'><em>3</em></span> 
     </span>
     <span class='ocr_line' id='line_1_33' title="bbox 229 2337 1122 2389; baseline 0.001 -13"><span class='ocrx_word' id='word_1_219' title='bbox 229 2339 375 2376; x_wconf 90' lang='lat' dir='ltr'>Nostra</span> <span class='ocrx_word' id='word_1_220' title='bbox 403 2345 462 2377; x_wconf 90' lang='lat' dir='ltr'>set</span> <span class='ocrx_word' id='word_1_221' title='bbox 491 2337 658 2377; x_wconf 87' lang='lat' dir='ltr'>ecclesia</span> <span class='ocrx_word' id='word_1_222' title='bbox 685 2339 811 2376; x_wconf 89' lang='lat' dir='ltr'>clerus</span> <span class='ocrx_word' id='word_1_223' title='bbox 840 2337 984 2377; x_wconf 90' lang='lat' dir='ltr'>vicinia</span> <span class='ocrx_word' id='word_1_224' title='bbox 1012 2346 1122 2389; x_wconf 89' lang='lat' dir='ltr'>rapta</span> 
     </span>
     <span class='ocr_line' id='line_1_34' title="bbox 230 2402 1186 2454; baseline 0.001 -14"><span class='ocrx_word' id='word_1_225' title='bbox 230 2404 382 2449; x_wconf 88' lang='lat' dir='ltr'>Predat‚</span> <span class='ocrx_word' id='word_1_226' title='bbox 414 2409 454 2442; x_wconf 89' lang='lat' dir='ltr'>et</span> <span class='ocrx_word' id='word_1_227' title='bbox 482 2403 556 2441; x_wconf 91' lang='lat' dir='ltr'>hec</span> <span class='ocrx_word' id='word_1_228' title='bbox 584 2402 741 2454; x_wconf 89' lang='lat' dir='ltr'>propria</span> <span class='ocrx_word' id='word_1_229' title='bbox 769 2402 865 2441; x_wconf 90' lang='lat' dir='ltr'>dicit</span> <span class='ocrx_word' id='word_1_230' title='bbox 893 2403 1039 2442; x_wconf 90' lang='lat' dir='ltr'>habere</span> <span class='ocrx_word' id='word_1_231' title='bbox 1068 2416 1186 2442; x_wconf 67' lang='lat' dir='ltr'>sacra„</span> 
     </span>
     <span class='ocr_line' id='line_1_35' title="bbox 231 2466 1247 2518; baseline 0.001 -13"><span class='ocrx_word' id='word_1_232' title='bbox 231 2466 295 2506; x_wconf 90' lang='lat' dir='ltr'>Sic</span> <span class='ocrx_word' id='word_1_233' title='bbox 324 2468 464 2505; x_wconf 87' lang='lat' dir='ltr'>multat</span> <span class='ocrx_word' id='word_1_234' title='bbox 492 2466 637 2505; x_wconf 89' lang='lat' dir='ltr'>laicum</span> <span class='ocrx_word' id='word_1_235' title='bbox 666 2469 803 2515; x_wconf 88' lang='lat' dir='ltr'>clerus,</span> <span class='ocrx_word' id='word_1_236' title='bbox 834 2468 1000 2506; x_wconf 83' lang='lat' dir='ltr'>multare</span> <span class='ocrx_word' id='word_1_237' title='bbox 1029 2474 1088 2506; x_wconf 88' lang='lat' dir='ltr'>set</span> <span class='ocrx_word' id='word_1_238' title='bbox 1117 2467 1247 2518; x_wconf 91' lang='lat' dir='ltr'>ipsum</span> 
     </span>
     <span class='ocr_line' id='line_1_36' title="bbox 230 2531 1239 2581; baseline 0.001 -11"><span class='ocrx_word' id='word_1_239' title='bbox 230 2533 363 2570; x_wconf 90' lang='lat' dir='ltr'>Nemo</span> <span class='ocrx_word' id='word_1_240' title='bbox 392 2538 532 2581; x_wconf 88' lang='lat' dir='ltr'>potest,</span> <span class='ocrx_word' id='word_1_241' title='bbox 563 2539 602 2571; x_wconf 93' lang='lat' dir='ltr'>et</span> <span class='ocrx_word' id='word_1_242' title='bbox 630 2531 684 2570; x_wconf 89' lang='lat' dir='ltr'>ita</span> <span class='ocrx_word' id='word_1_243' title='bbox 712 2539 816 2570; x_wconf 88' lang='lat' dir='ltr'>stant</span> <span class='ocrx_word' id='word_1_244' title='bbox 846 2533 967 2571; x_wconf 92' lang='lat' dir='ltr'>modo</span> <span class='ocrx_word' id='word_1_245' title='bbox 996 2531 1080 2570; x_wconf 87' lang='lat' dir='ltr'>iura</span> <span class='ocrx_word' id='word_1_246' title='bbox 1108 2545 1239 2571; x_wconf 87' lang='lat' dir='ltr'>noua:</span> 
     </span>
     <span class='ocr_line' id='line_1_37' title="bbox 231 2596 1306 2648; baseline 0.002 -13"><span class='ocrx_word' id='word_1_247' title='bbox 231 2596 294 2636; x_wconf 88' lang='lat' dir='ltr'>Sic</span> <span class='ocrx_word' id='word_1_248' title='bbox 323 2609 405 2635; x_wconf 92' lang='lat' dir='ltr'>non</span> <span class='ocrx_word' id='word_1_249' title='bbox 432 2603 565 2647; x_wconf 84' lang='lat' dir='ltr'>pastor</span> <span class='ocrx_word' id='word_1_250' title='bbox 592 2610 688 2637; x_wconf 89' lang='lat' dir='ltr'>oues</span> <span class='ocrx_word' id='word_1_251' title='bbox 717 2597 852 2648; x_wconf 90' lang='lat' dir='ltr'>pascit,</span> <span class='ocrx_word' id='word_1_252' title='bbox 884 2604 943 2636; x_wconf 90' lang='lat' dir='ltr'>set</span> <span class='ocrx_word' id='word_1_253' title='bbox 971 2604 1105 2647; x_wconf 89' lang='lat' dir='ltr'>pastus</span> <span class='ocrx_word' id='word_1_254' title='bbox 1133 2597 1184 2636; x_wconf 90' lang='lat' dir='ltr'>ab</span> <span class='ocrx_word' id='word_1_255' title='bbox 1213 2597 1306 2648; x_wconf 86' lang='lat' dir='ltr'>ipsis</span> 
     </span>
     <span class='ocr_line' id='line_1_38' title="bbox 231 2661 1155 2712; baseline 0 -13"><span class='ocrx_word' id='word_1_256' title='bbox 231 2663 312 2699; x_wconf 92' lang='lat' dir='ltr'>Lac</span> <span class='ocrx_word' id='word_1_257' title='bbox 340 2667 450 2699; x_wconf 85' lang='lat' dir='ltr'>vorat</span> <span class='ocrx_word' id='word_1_258' title='bbox 477 2668 517 2700; x_wconf 92' lang='lat' dir='ltr'>et</span> <span class='ocrx_word' id='word_1_259' title='bbox 545 2663 679 2709; x_wconf 85' lang='lat' dir='ltr'>vellus,</span> <span class='ocrx_word' id='word_1_260' title='bbox 709 2663 806 2701; x_wconf 85' lang='lat' dir='ltr'>alter</span> <span class='ocrx_word' id='word_1_261' title='bbox 834 2669 875 2700; x_wconf 90' lang='lat' dir='ltr'>vt</span> <span class='ocrx_word' id='word_1_262' title='bbox 903 2661 987 2712; x_wconf 88' lang='lat' dir='ltr'>ipse</span> <span class='ocrx_word' id='word_1_263' title='bbox 1015 2663 1155 2711; x_wconf 89' lang='lat' dir='ltr'>lupus:</span> 
     </span>
     <span class='ocr_line' id='line_1_39' title="bbox 232 2724 1212 2776; baseline 0 -12"><span class='ocrx_word' id='word_1_264' title='bbox 232 2724 295 2764; x_wconf 88' lang='lat' dir='ltr'>Sic</span> <span class='ocrx_word' id='word_1_265' title='bbox 323 2724 440 2763; x_wconf 90' lang='lat' dir='ltr'>libras</span> <span class='ocrx_word' id='word_1_266' title='bbox 469 2724 610 2764; x_wconf 87' lang='lat' dir='ltr'>siciens</span> <span class='ocrx_word' id='word_1_267' title='bbox 639 2725 759 2764; x_wconf 89' lang='lat' dir='ltr'>libros</span> <span class='ocrx_word' id='word_1_268' title='bbox 788 2738 869 2764; x_wconf 91' lang='lat' dir='ltr'>non</span> <span class='ocrx_word' id='word_1_269' title='bbox 897 2724 1056 2776; x_wconf 87' lang='lat' dir='ltr'>appetit,</span> <span class='ocrx_word' id='word_1_270' title='bbox 1088 2725 1212 2764; x_wconf 91' lang='lat' dir='ltr'>immo</span> 
     </span>
     <span class='ocr_line' id='line_1_40' title="bbox 234 2786 1165 2838; baseline 0.001 -13"><span class='ocrx_word' id='word_1_271' title='bbox 234 2788 410 2826; x_wconf 77' lang='lat' dir='ltr'>Marcam</span> <span class='ocrx_word' id='word_1_272' title='bbox 440 2799 512 2838; x_wconf 90' lang='lat' dir='ltr'>pro</span> <span class='ocrx_word' id='word_1_273' title='bbox 543 2788 681 2826; x_wconf 87' lang='lat' dir='ltr'>Marco</span> <span class='ocrx_word' id='word_1_274' title='bbox 710 2787 901 2826; x_wconf 83' lang='lat' dir='ltr'>construit</span> <span class='ocrx_word' id='word_1_275' title='bbox 929 2787 1012 2837; x_wconf 88' lang='lat' dir='ltr'>ipse</span> <span class='ocrx_word' id='word_1_276' title='bbox 1042 2786 1165 2826; x_wconf 87' lang='lat' dir='ltr'>libro:</span> 
     </span>
    </p>
   </div>
   <div class='ocr_carea' id='block_1_3' title="bbox 735 2860 993 2904">
    <p class='ocr_par' dir='ltr' id='par_1_5' title="bbox 735 2860 993 2904">
     <span class='ocr_line' id='line_1_41' title="bbox 735 2860 993 2904; baseline 0.008 -13"><span class='ocrx_word' id='word_1_277' title='bbox 735 2862 801 2902; x_wconf 89' lang='lat'>989</span> <span class='ocrx_word' id='word_1_278' title='bbox 817 2862 877 2904; x_wconf 88' lang='lat' dir='ltr'>sit]</span> <span class='ocrx_word' id='word_1_279' title='bbox 901 2861 950 2893; x_wconf 91' lang='lat' dir='ltr'>sic</span> <span class='ocrx_word' id='word_1_280' title='bbox 969 2860 993 2893; x_wconf 90' lang='lat' dir='ltr'>S</span> 
     </span>
    </p>
   </div>
   <div class='ocr_carea' id='block_1_4' title="bbox 1504 237 1578 375">
    <p class='ocr_par' dir='ltr' id='par_1_6' title="bbox 1504 237 1578 375">
     <span class='ocr_line' id='line_1_42' title="bbox 1504 237 1578 277; baseline -0.014 0"><span class='ocrx_word' id='word_1_281' title='bbox 1504 237 1578 277; x_wconf 84' lang='grc' dir='ltr'>Ι33</span> 
     </span>
     <span class='ocr_line' id='line_1_43' title="bbox 1513 336 1577 375; baseline -0.016 -8"><span class='ocrx_word' id='word_1_282' title='bbox 1513 336 1577 375; x_wconf 82' lang='grc'><strong>960</strong></span> 
     </span>
    </p>
   </div>
   <div class='ocr_carea' id='block_1_5' title="bbox 1515 993 1580 1027">
    <p class='ocr_par' dir='ltr' id='par_1_7' title="bbox 1515 993 1580 1027">
     <span class='ocr_line' id='line_1_44' title="bbox 1515 993 1580 1027; baseline 0 0"><span class='ocrx_word' id='word_1_283' title='bbox 1515 993 1580 1027; x_wconf 87' lang='lat'>970</span> 
     </span>
    </p>
   </div>
   <div class='ocr_carea' id='block_1_6' title="bbox 1520 1638 1580 1676">
    <p class='ocr_par' dir='ltr' id='par_1_8' title="bbox 1520 1638 1580 1676">
     <span class='ocr_line' id='line_1_45' title="bbox 1520 1638 1580 1676; baseline -0.033 -9"><span class='ocrx_word' id='word_1_284' title='bbox 1520 1638 1580 1676; x_wconf 77' lang='lat' dir='ltr'>98c</span> 
     </span>
    </p>
   </div>
   <div class='ocr_carea' id='block_1_7' title="bbox 1520 2293 1587 2327">
    <p class='ocr_par' dir='ltr' id='par_1_9' title="bbox 1520 2293 1587 2327">
     <span class='ocr_line' id='line_1_46' title="bbox 1520 2293 1587 2327; baseline 0.015 -1"><span class='ocrx_word' id='word_1_285' title='bbox 1520 2293 1587 2327; x_wconf 85' lang='lat'>990</span> 
     </span>
    </p>
   </div>
  </div>
 </body>
</html>
