2095 3173
29 3123 34 3151 Γ

694 236 881 277 LIBER
922 235 1163 277 SEXTUS
1578 248 1658 287 233

303 344 366 381 Sic
396 344 554 394 capiens
585 344 745 394 capitur,
777 344 833 382 sic
862 344 929 394 qui
958 350 1067 382 vorat
1096 343 1179 393 ipse
1208 348 1374 389 voratur,

303 409 445 448 Infelix
473 410 635 447 hamum
665 422 745 459 quo
775 410 950 458 capietur
978 415 1095 447 amat.

240 541 318 576 Hic
359 543 541 586 loquitur
575 543 624 578 de
657 543 880 577 causidicis
914 545 955 577 et
989 542 1209 577 aduocatis
1242 541 1336 582 illis,
1371 541 1440 584 qui
1474 539 1658 574 vicinum

194 601 390 644 populum
421 602 712 646 depredantes,
738 612 790 636 ex
819 602 1021 644 bonisque
1053 601 1204 635 alienis
1233 600 1369 640 ditati,
1397 598 1660 642 largissimas

193 659 274 693 sibi
299 661 595 703 possessiones
620 660 866 703 adquirunt:
895 660 946 694 de
972 660 1120 703 quibus
1145 661 1302 699 tamen,
1326 661 1375 693 vt
1399 658 1561 699 dicitur,
1586 658 1660 690 vix

194 718 351 760 gaudet
377 719 533 753 tercius
558 719 691 753 heres.

22 815 35 836 ν.
83 800 212 848 (Japm.
234 799 270 836 ii.

358 800 573 850 Plusquam
602 801 704 840 Cilla
733 801 849 838 maris
879 801 1033 850 rapiens
1062 799 1136 838 sibi
1166 800 1331 838 deuorat
1360 799 1495 846 vndas,

302 866 537 905 Causidicus
566 866 731 915 patriam
762 866 926 904 deuorat
955 865 1038 914 ipse
1067 877 1177 902 suam
1193 879 1203 913 3

301 931 395 968 Plus
427 944 527 969 cane
557 931 626 980 qui
656 931 764 968 siluis
794 932 958 980 predam
988 930 1062 968 sibi
1092 931 1220 980 querit
1249 930 1288 967 in
1317 929 1471 979 amplis,

303 996 538 1035 Causidicus
568 997 720 1034 lucrum
751 996 877 1046 querit
906 995 1052 1034 habere
1082 1008 1225 1042 suum;

305 1062 392 1100 Nec
421 1062 529 1099 canis
563 1062 628 1099 hic
658 1063 821 1110 predam
850 1062 938 1111 plus
968 1061 1131 1110 stringit,
1161 1061 1257 1098 dum
1287 1059 1390 1109 capit
1419 1059 1525 1096 illam

303 1127 514 1174 Dentibus,
545 1134 585 1165 vt
614 1140 750 1165 carnes
780 1128 945 1165 deuoret
974 1127 1058 1176 ipse
1087 1139 1187 1173 suas,
1602 1139 1663 1161 110

304 1193 413 1240 Quin
443 1193 531 1242 plus
560 1193 782 1230 causidicus
813 1192 964 1241 stringit
994 1192 1044 1229 de
1073 1192 1158 1240 lege
1187 1191 1384 1237 clientem,

304 1259 455 1295 Munus
485 1265 525 1296 vt
555 1258 705 1307 argenti
734 1258 858 1307 possit
886 1257 1032 1295 habere
1058 1256 1145 1295 sibi.

301 1323 355 1360 Vt
384 1324 484 1361 solet
513 1324 702 1372 ancipiter
731 1323 905 1372 trepidas
935 1334 1068 1371 vrgere
1097 1319 1315 1368 columbas,

303 1387 537 1426 Causidicus
567 1394 703 1437 gentes
733 1394 840 1437 vrget
869 1395 907 1425 et
936 1387 1043 1436 angit
1073 1399 1161 1425 eas:

301 1453 338 1489 V
343 1459 357 1490 t
385 1454 514 1491 tremit
542 1466 642 1502 agna
671 1465 832 1502 pauens,
864 1453 1020 1490 nouiter
1048 1464 1126 1501 que
1155 1452 1286 1489 saucia
1315 1451 1424 1489 canis

298 1517 371 1556 Est
400 1530 519 1556 euasa
547 1518 663 1567 lupis,
696 1530 771 1556 nec
800 1517 903 1556 bene
932 1524 1016 1555 tuta
1045 1529 1238 1565 manens3

300 1584 435 1633 thue
465 1584 652 1622 columba
681 1596 753 1622 suo
783 1584 1015 1621 madefactis
1045 1584 1236 1633 sanguine
1265 1582 1410 1632 plumis

303 1650 452 1687 Horret
482 1649 614 1688 adhuc
644 1661 802 1699 vngues,
835 1649 989 1687 heserat
1019 1649 1083 1687 illa
1113 1648 1282 1698 quibus3

301 1714 366 1752 Sic
395 1721 513 1763 pauet
542 1727 565 1752 a
593 1715 742 1764 laqueis
771 1727 982 1764 oppressus
1012 1715 1302 1752 causidicorum

305 1780 470 1828 Pauper,
503 1786 541 1817 et
570 1780 664 1818 inde
694 1780 754 1817 sui
783 1781 926 1817 clamat
956 1780 995 1816 in
1025 1792 1118 1818 aure
1148 1780 1224 1817 dei.
1604 1795 1665 1816 120

358 1845 534 1882 Vulnera
563 1844 718 1893 plebeia
748 1845 926 1882 medicus
956 1845 1164 1892 desiderat,
1195 1851 1236 1882 vt
1265 1845 1321 1882 sic

307 1909 388 1947 Det
418 1909 532 1947 dolor
560 1910 718 1947 alterius
747 1922 911 1947 munera
940 1910 1017 1947 leta
1046 1909 1148 1957 sibi,

305 1975 456 2013 Gentes
486 1975 707 2012 causidicus
737 1975 939 2013 discordes
969 1981 1088 2024 optat,
1120 1981 1160 2012 vt
1190 1975 1273 2024 ipse

308 2041 498 2088 Prospera
528 2040 578 2078 de
608 2040 674 2078 lite
702 2040 830 2089 gentis
860 2039 1005 2078 habere
1035 2047 1163 2089 queat.

307 2105 367 2142 Ex
396 2105 473 2143 hoc
502 2105 611 2154 quod
640 2105 770 2154 perdis
801 2106 981 2152 lucratur,
1013 2106 1125 2155 sique
1153 2105 1323 2152 lucreris,

307 2170 418 2208 Hinc
447 2179 579 2208 tecum
609 2177 758 2220 partem
789 2171 915 2220 querit
944 2169 1090 2209 habere
1120 2183 1256 2218 suam,

307 2235 412 2274 Cum
443 2236 601 2284 plenam
631 2235 808 2273 dextram
839 2243 981 2282 teneat,
1014 2243 1109 2274 tunc
1139 2237 1222 2285 ipse
1251 2235 1448 2273 sinistram

304 2300 462 2347 Tendit,
494 2313 572 2349 que
601 2300 758 2339 sibimet
787 2301 974 2339 insaciata
1004 2308 1149 2339 manet.

307 2365 371 2402 Sic
400 2378 652 2415 quacumque
681 2366 742 2404 via
771 2366 861 2404 furit
891 2367 1033 2414 Eurus,
1065 2378 1220 2415 semper
1248 2366 1289 2403 in
1318 2378 1412 2404 aura

305 2430 451 2468 Velum
480 2431 733 2480 tranquillum
763 2438 888 2480 gestat
916 2431 968 2469 ad
997 2444 1116 2469 omne
1145 2431 1311 2470 fretum:
1601 2447 1664 2479 130

307 2495 372 2533 Sic
400 2496 504 2544 viget
532 2508 579 2533 ex
608 2508 703 2533 auro
732 2497 884 2534 loculus
914 2508 1109 2546 pregnans
1137 2496 1267 2533 alieno
1283 2509 1293 2543 3

307 2560 429 2608 Quod
458 2561 561 2599 male
589 2561 786 2610 concepit,
815 2562 927 2610 peius
956 2562 997 2599 id
1028 2562 1110 2610 ipse
1140 2561 1263 2609 parit:

306 2626 411 2663 Nam
441 2626 584 2664 modus
613 2633 671 2664 est
699 2627 794 2676 legis
823 2627 902 2664 cito
931 2639 1022 2664 cum
1052 2626 1233 2675 locuplex
1262 2626 1345 2665 fore
1374 2626 1548 2664 nummis

308 2690 448 2737 Possit,
478 2697 572 2728 tunc
600 2697 718 2729 terras
747 2692 896 2741 appetit
926 2692 1009 2741 ipse
1038 2703 1173 2729 nouas.

362 2756 415 2792 Vt
444 2756 654 2793 constricta
683 2757 786 2794 fame
815 2757 907 2806 lupa
936 2768 1045 2794 more
1075 2769 1148 2793 suo
1177 2755 1397 2793 catulorum

309 2820 449 2868 Querit
478 2820 624 2858 habere
653 2833 744 2859 suos
773 2822 850 2859 lata
879 2834 948 2870 per
976 2833 1069 2859 arua
1097 2820 1220 2867 cibos,

309 2885 373 2923 Sic
402 2897 493 2922 curn
522 2886 722 2925 causidico
751 2887 800 2925 sit
829 2887 957 2936 proles
986 2892 1111 2933 aucta,
1142 2898 1211 2936 per
1239 2897 1378 2924 omnes
