2095 3173
658 226 845 266 LIBER
887 225 1128 267 PRIMUS
1577 229 1628 279 65

268 333 399 370 Tanta
428 344 515 371 mee
544 333 645 371 lasse
674 332 799 370 fuerat
828 332 1027 371 discordia
1055 332 1212 380 mentis,

270 398 392 446 Quod
423 399 533 448 potui
562 410 701 436 sensus
730 398 793 436 vix
821 399 989 437 retinere
1018 411 1140 437 meos.

271 463 381 511 Quid
410 463 531 501 michi
560 470 655 501 tunc
683 463 805 501 animi
834 464 906 501 fuit
934 471 1002 502 aut
1030 464 1128 513 quid
1157 463 1295 502 debuit
1323 475 1421 510 esse,

269 527 374 566 Cum
405 528 525 565 michi
554 541 636 566 rem
666 535 813 566 certam
842 541 948 567 mors
978 541 1109 579 neque
1137 529 1217 567 vita
1244 529 1362 567 tulit?
1545 533 1629 574 1560

269 593 389 630 Nunc
419 592 469 639 id,
503 605 609 630 nunc
638 593 756 640 aliud,
788 592 968 631 dubitata
997 600 1132 632 mente
1160 594 1323 640 reuolui,

269 657 363 705 Quo
393 657 513 694 miehi
544 658 651 695 nulla
680 658 793 707 quies
822 658 864 696 fit
895 670 1025 708 neque
1053 658 1131 697 leta
1160 659 1256 697 dies.

269 722 374 761 Cum
405 722 476 760 fuit
505 722 544 759 in
575 723 753 772 sompnis
782 735 871 761 mea
900 723 1131 772 desperacio
1160 724 1296 770 maior,

268 788 423 838 Exiguo
453 788 533 826 dixi
563 789 655 826 talia
683 788 804 827 verba
833 801 956 827 sono:

270 853 485 893 ‘Crudeles
516 854 685 903 sompni,
717 867 785 892 cur
814 867 878 893 me
907 855 1088 893 tenuistis
1117 854 1342 892 inermem?

269 918 378 967 Quin
408 919 514 968 prius
544 919 706 957 instanti
736 927 862 958 morte
890 919 1130 969 premendus
1159 920 1289 958 eram.'

268 984 407 1033 Arguit
436 997 529 1034 ergo
558 997 669 1023 meos
698 985 752 1023 ita
782 997 895 1023 mens
925 997 1045 1035 quam
1075 997 1170 1034 sepe
1199 985 1368 1032 dolores,

271 1049 403 1097 ‘Quid
433 1050 534 1088 fles?
568 1050 632 1088 hic
660 1062 783 1099 paruo
813 1051 1014 1099 tempore‚'
1044 1049 1151 1096 dixit,
1183 1049 1304 1087 ‘eris.'

322 1114 387 1152 Sic
416 1121 581 1153 tenuant
609 1116 744 1164 vigiles
774 1127 916 1164 corpus
945 1113 1169 1152 miserabile
1198 1126 1302 1161 cure,

269 1179 380 1227 Quas
411 1180 514 1230 vigili
545 1187 678 1219 mente
707 1179 890 1228 sompnia
919 1179 1018 1217 ferre
1046 1178 1224 1217 dabant:
1545 1190 1628 1226 1570

269 1245 340 1283 Me
369 1245 486 1283 timor
515 1246 670 1292 inuasit,
701 1244 855 1283 stabam
884 1244 969 1282 sine
997 1244 1147 1281 lumine
1176 1249 1338 1290 mestus,

269 1310 322 1347 Et
350 1310 459 1348 color
488 1311 528 1347 in
558 1311 667 1348 vultu
696 1310 839 1359 linquit
863 1308 1010 1347 habere
1038 1321 1185 1358 genas:

268 1375 472 1413 Attonitus
501 1382 612 1413 tanto
643 1376 873 1413 miserarum
903 1374 1060 1412 turbine
1088 1385 1230 1421 rerum,

268 1441 323 1478 Vt
353 1441 449 1490 lapis
480 1454 502 1479 a
531 1448 666 1479 mente
695 1453 789 1489 sepe
818 1447 994 1479 remotus
1024 1452 1143 1478 eram.

268 1506 387 1544 Mens
417 1513 551 1544 tamen
580 1512 620 1544 vt
649 1505 775 1552 rediit,
807 1506 950 1555 pariter
978 1505 1140 1543 rediere
1169 1504 1339 1550 dolores,

269 1572 443 1610 Mortem
473 1572 570 1610 dum
599 1571 724 1609 menti
753 1571 831 1609 vita
860 1583 1003 1620 negare
1033 1569 1196 1619 nequit:

270 1636 335 1674 Sic
363 1644 530 1675 mortem
560 1637 724 1686 cupiens
753 1636 866 1675 timui
894 1635 1071 1686 presagia
1100 1634 1248 1681 mortis,

269 1703 356 1741 Nec
385 1703 466 1741 fore
495 1703 593 1752 quid
623 1703 763 1741 melius
792 1714 905 1740 mens
935 1701 1055 1738 michi
1086 1701 1165 1739 fida
1194 1700 1320 1738 refert.

268 1767 410 1806 Verbis
440 1768 688 1817 planxissem,
720 1775 778 1806 set
806 1767 955 1805 viscera
984 1766 1101 1815 plena
1130 1765 1268 1804 dolore

269 1833 494 1880 obsistunt,
523 1845 597 1871 nec
627 1845 675 1870 eo
705 1840 883 1882 tempore
912 1831 1032 1870 verba
1061 1831 1196 1868 sinunt
1213 1843 1224 1877 3
1544 1836 1629 1875 1580

268 1897 397 1936 Obice
427 1898 599 1947 singultu
629 1898 736 1935 vocis
767 1897 871 1935 stetit
902 1897 1072 1945 impetus
1102 1895 1264 1932 horrens

268 1964 501 2002 Aduentum
532 1963 702 2010 lacrhne,
733 1963 867 2012 lingua
895 1962 1063 2000 refrenat
1092 1960 1176 1998 iter.

270 2029 341 2066 Est
371 2028 489 2066 michi
521 2028 599 2065 vita
629 2028 739 2075 mori,
772 2039 877 2065 mors
906 2026 1051 2073 viuere,
1081 2037 1188 2062 mors
1217 2023 1338 2061 michi
1368 2023 1447 2061 vita

270 2094 434 2132 Dulcior
463 2100 531 2140 est,
563 2093 715 2131 redolet
744 2093 876 2131 viuere
904 2091 1041 2129 mortis
1069 2102 1205 2128 amor:

269 2159 395 2205 Solus,
428 2159 553 2208 inops,
586 2171 714 2207 expes,
746 2158 825 2196 vite
854 2169 1037 2207 peneque
1065 2155 1235 2201 relictus,

269 2223 433 2262 Attendi
463 2224 494 2261 si
523 2235 602 2273 que
631 2236 713 2261 sors
742 2235 831 2261 mea
859 2228 965 2260 certa
993 2222 1104 2259 foret.

267 2289 380 2327 Talia
409 2289 506 2326 mira
535 2289 651 2326 nimis
680 2289 844 2338 longum
874 2286 1069 2325 narranda
1097 2297 1167 2335 per
1193 2295 1356 2330 annum,

269 2355 360 2402 Que
389 2354 511 2392 modo
541 2353 604 2391 vix
632 2354 779 2401 recolo,
807 2359 903 2390 tunc
932 2350 1116 2401 paciebar
1145 2362 1229 2399 ego.

269 2419 376 2457 Scire
407 2431 516 2457 meos
546 2431 659 2457 casus
689 2419 721 2456 si
750 2418 838 2467 quis
868 2417 1065 2456 desiderat
1095 2426 1246 2461 omnes,

270 2481 364 2529 Quo
392 2481 529 2530 loquar
559 2481 631 2519 hos
660 2481 780 2519 finem
811 2492 892 2517 non
921 2479 1043 2517 breue
1071 2484 1228 2526 tempus
1257 2474 1402 2512 habet:
1543 2489 1626 2521 1590

270 2546 334 2584 Sic
364 2552 497 2584 tamen
527 2546 567 2582 in
596 2545 711 2584 variis
740 2557 830 2583 mea
859 2545 960 2582 lassa
989 2541 1194 2582 doloribus
1224 2541 1308 2589 ipse

270 2612 469 2660 Tempora
498 2611 735 2649 continuans
765 2610 962 2659 asperiora
991 2608 1072 2646 tuli.

208 2723 290 2754 1575
314 2713 425 2744 redire
444 2713 543 2744 EHD
636 2714 719 2753 1588
736 2713 813 2752 Que
830 2712 931 2743 modo
948 2711 1042 2743 SGD
1089 2709 1166 2748 Quo
1183 2707 1282 2739 modo
1295 2707 1329 2738 H
1378 2707 1556 2747 Quomodo
1569 2706 1626 2737 CE

164 2776 244 2806 1591
272 2765 309 2797 Si
327 2765 351 2798 S

218 2934 310 2956 ****
882 2943 903 2969 F
