2095 3173
225 2864 306 2904 1776
329 2862 458 2894 boriam
477 2862 534 2893 CE
581 2866 696 2893 notum
714 2862 740 2893 C

683 222 871 263 LIBER
913 223 1065 263 PRIM
1078 223 1152 264 US

297 329 348 366 Et
377 328 550 378 gelidum
582 330 750 367 Boream
780 328 1092 378 precipitemque
1124 329 1327 367 Nothum:

296 394 478 441 Quatuor
507 394 560 430 hii
590 394 695 432 venti
726 401 855 443 partes
884 406 953 443 per
982 401 1151 444 quatuor
1179 393 1285 432 orbis

295 459 422 505 Fiant,
454 471 527 496 nec
554 459 696 497 obesse
725 460 805 497 suis
834 458 991 497 flatibus
1021 460 1097 497 vlla
1125 466 1288 509 queunt.

295 523 439 560 Nostra
468 535 537 572 per
564 523 750 561 aduersas
779 524 904 572 agitur
932 525 1088 574 fortuna
1117 525 1318 573 procellas,

293 587 406 625 Sorte
435 599 509 625 nec
538 588 614 624 vlla
644 600 732 625 mea
761 588 906 625 tristior
933 600 1019 626 esse
1049 595 1190 637 potest.

293 652 406 689 Talia
434 650 632 700 fingebam
662 652 806 690 misero
835 652 954 689 michi
984 653 1062 690 fata
1092 654 1228 702 parari,

295 717 580 766 Demeritoque
609 728 700 755 meo
730 717 842 755 rebar
870 718 1010 756 adesse
1039 719 1198 756 malum.

291 782 355 820 Sic
386 794 543 820 mecum
572 782 781 829 meditans,
812 783 932 820 tacito
961 782 1035 821 sub
1066 796 1265 823 murmure
1294 785 1384 832 dixi,

293 848 408 885 ‘Hec
437 847 560 886 modo
589 860 667 897 que
696 848 828 897 pacior
857 849 1013 897 propria
1041 850 1158 898 culpa
1186 850 1298 888 tulit.⁷

291 913 385 950 Non
415 913 526 950 latuit
555 913 769 962 quicquam
799 913 1002 962 culparum
1032 915 1161 952 cordis
1193 915 1231 952 in
1260 922 1383 960 antro,

289 978 398 1026 Quin
428 978 551 1027 magis
581 977 632 1015 ad
662 984 838 1016 mentem
869 978 1022 1028 singula
1051 979 1153 1016 facta
1183 979 1321 1018 refert:

289 1043 369 1081 Cor
398 1042 518 1080 michi
546 1050 831 1082 commemorat
859 1044 1051 1082 scelerum
1080 1045 1292 1083 commissa
1321 1057 1511 1091 meorum,

290 1108 342 1145 Vt
372 1108 495 1156 magis
525 1114 688 1146 exacuat
717 1108 847 1145 cordis
876 1121 1018 1157 ymago
1049 1121 1198 1158 preces.

290 1174 383 1211 Non
413 1173 485 1211 fuit
514 1185 561 1211 ex
590 1173 734 1210 sanctis
765 1185 884 1222 quem
915 1186 996 1211 non
1028 1186 1115 1212 mea
1144 1175 1277 1223 lingua
1306 1182 1496 1224 precatur,

290 1241 396 1277 Dum
427 1239 543 1275 maris
573 1238 773 1275 interitum
803 1238 938 1287 preuia
967 1239 1077 1288 signa
1107 1247 1269 1288 parant:

288 1306 510 1343 Accensam
540 1303 684 1341 summi
715 1302 898 1352 precibus
928 1304 1101 1342 mulcere
1130 1312 1288 1353 paratus

289 1371 405 1416 Iram,
436 1382 526 1407 cum
557 1368 726 1406 lacrimis
756 1368 812 1406 sic
841 1380 930 1406 mea
959 1368 1078 1407 verba
1108 1369 1214 1408 dedi.

344 1468 562 1507 ‘Conditor
591 1467 627 1506 O
656 1467 810 1517 generis
840 1466 1014 1515 humani,
1047 1468 1175 1507 Criste
1204 1468 1441 1518 redemptor,

288 1534 359 1571 Est
388 1534 472 1571 sine
502 1545 582 1582 quo
612 1532 752 1570 melius
781 1532 836 1569 nil
865 1533 927 1570 vel
957 1533 995 1569 in
1026 1532 1123 1571 orbe
1151 1532 1317 1580 bonum,

288 1599 441 1645 Dixisti,
473 1610 551 1647 que
580 1604 648 1635 tuo
678 1603 770 1634 sunt
799 1597 933 1635 onmia
962 1597 1123 1635 condita
1154 1597 1284 1646 verbo,

287 1664 501 1710 Mandasti‚
534 1675 611 1712 que
641 1663 773 1701 statim
803 1670 946 1700 cuncta
976 1670 1105 1701 creata
1135 1670 1296 1712 patent3

287 1730 416 1778 Inque
446 1735 514 1766 tuo
544 1727 665 1766 verbo
695 1728 768 1766 celi
798 1729 1027 1775 formantur,
1058 1735 1096 1766 et
1126 1741 1287 1767 omnem

287 1795 451 1844 Spiritus
481 1801 664 1832 ornatum
693 1794 839 1832 fecerat
869 1794 962 1832 inde
990 1800 1092 1832 tuus.

288 1861 361 1897 Per
389 1866 428 1897 te
457 1865 549 1896 sunt
578 1865 617 1896 et
645 1871 758 1908 aque,
790 1865 918 1896 certus
948 1870 1109 1908 quoque
1138 1858 1328 1896 terminus
1357 1859 1441 1905 illis,

289 1926 360 1963 Est
389 1936 458 1974 per
487 1931 526 1962 te
555 1924 672 1973 piscis
702 1930 741 1962 et
770 1924 886 1961 maris
917 1936 1036 1961 omne
1065 1934 1215 1972 genus:

287 1992 390 2028 Aera
419 2002 509 2026 cum
539 2001 684 2038 genere
713 1989 916 2026 volucrum
947 2000 1131 2026 sermone
1160 1989 1311 2036 creasti,

287 2056 469 2103 Quatuor
498 2061 536 2091 et
566 2060 684 2091 vento
714 2053 889 2102 partibus
916 2065 984 2091 ora
1013 2052 1160 2091 dabas:

287 2118 659 2169 Cunctipotensque
688 2126 757 2156 tuo
787 2118 960 2156 fundasti
991 2118 1154 2156 numine
1183 2124 1335 2165 terram,

286 2184 386 2222 Fixit
416 2172 535 2233 quam
565 2183 747 2222 stabilem
778 2183 968 2232 prouidus
998 2184 1096 2221 ordo
1126 2190 1240 2221 tuus:

285 2250 521 2298 Cunctaque
551 2249 744 2298 terrigena
773 2249 912 2286 viuunt
941 2248 1125 2285 animalia
1154 2260 1223 2296 per
1252 2253 1302 2294 te,

286 2314 450 2363 Subque
479 2322 546 2351 tua
575 2314 660 2363 lege
689 2314 826 2363 reptile
856 2313 1045 2363 quodque
1074 2319 1221 2350 mouet.

285 2380 393 2417 Sicut
421 2392 563 2428 ymago
592 2385 659 2416 tua
687 2379 849 2417 tandem
879 2379 951 2416 fuit
981 2385 1019 2416 et
1047 2378 1215 2416 racionis

285 2446 429 2482 Factus
458 2445 590 2492 homo,
623 2444 732 2494 quod
762 2456 861 2493 opus
891 2444 940 2481 sit
969 2455 1086 2492 super
1114 2454 1234 2480 omne
1263 2448 1402 2489 tuum3

286 2509 367 2558 Qui
397 2515 580 2558 precepta
608 2515 675 2546 tua
705 2509 825 2546 veteri
854 2515 1034 2558 serpente
1064 2507 1251 2545 subactus

286 2575 461 2621 Preterit‚
492 2581 530 2612 et
559 2575 667 2624 pomi
697 2586 802 2612 mors
832 2574 907 2612 sibi
938 2585 1089 2611 morsus
1119 2578 1213 2610 erat.

286 2641 353 2678 Set
383 2640 528 2689 pietate
556 2638 628 2677 tibi
657 2639 767 2689 quod
797 2652 888 2677 eum
919 2639 970 2677 de
1000 2644 1125 2676 morte
1154 2649 1339 2684 resumas,

284 2705 457 2754 Virginis
486 2717 533 2743 ex
562 2717 679 2743 carne
708 2711 751 2743 tu
781 2717 872 2743 caro
902 2705 1027 2742 factus
1058 2716 1167 2750 eras;

285 2771 430 2820 Sicque
460 2782 600 2819 parens
630 2771 751 2808 nostri
780 2770 934 2820 generis
963 2770 1014 2807 de
1042 2770 1169 2807 carnis
1199 2781 1333 2807 amore

1601 240 1647 277 71

1568 598 1650 638 1780

1566 1254 1649 1288 1790

1565 1932 1648 1962 1800

1562 2579 1646 2611 1810

878 2863 960 2902 1788
984 2862 1094 2892 cordis
1113 2861 1136 2892 S
1184 2861 1309 2893 mentis
1327 2860 1572 2892 CEHGDTH2
