2095 3173
407 266 488 304 270

874 253 1004 294 VOX
1046 252 1406 293 CLAMANTIS

516 359 596 408 Qui
626 359 751 398 fuerat
780 360 897 398 iudex
927 360 1028 398 Cato
1058 359 1182 396 iustus
1212 358 1262 396 ab
1291 358 1386 397 vrbe
1415 359 1587 406 recessit,

515 426 743 474 Pilatusque
773 425 862 462 loco
892 424 1040 461 iudicat
1069 436 1162 462 ecce
1192 436 1275 462 suo.
1790 440 1876 472 1310

515 491 635 528 Nunc
664 490 818 527 occisus
848 488 952 527 Abel
981 489 1106 527 iustus
1134 489 1260 527 fratris
1290 489 1389 538 perit
1419 501 1524 537 ense,

514 553 722 604 Approbat
750 555 827 592 hoc
856 554 1007 592 licitum
1036 555 1097 592 lex
1126 560 1260 593 tamen
1289 567 1375 593 esse
1404 556 1594 594 modum:

516 622 634 659 Nunc
664 620 954 658 Mardocheum
984 632 1220 669 suspensum
1251 632 1381 668 cerno,
1413 627 1471 659 set
1500 622 1632 659 Aman

515 686 689 736 Eripitur
717 686 872 735 laqueo,
904 687 966 724 lex
995 686 1086 723 sinit
1115 687 1189 724 ista
1217 687 1351 725 modo.

518 752 638 788 Nunc
668 751 809 789 iterum
840 752 991 790 Cristus
1022 751 1106 789 sine
1135 752 1252 800 culpa
1281 752 1324 790 fit
1353 752 1575 799 crucifixus,

515 816 567 854 Et
597 816 770 854 Barabas
799 817 897 854 latro
926 816 1025 854 liber
1052 815 1177 854 abibit
1206 829 1264 855 eo.

515 882 579 919 Sic
608 882 714 919 cadit
744 888 782 920 et
811 888 976 919 stratum
1006 881 1066 919 ius
1096 882 1221 920 nescit
1251 893 1417 920 noscere
1446 883 1606 929 iustum,

514 948 552 985 Ν
557 959 602 986 ec
631 947 751 986 virtus
780 948 902 985 animi
931 948 1008 985 iam
1038 947 1135 997 regit
1163 953 1251 985 acta
1280 947 1361 986 viri.

452 1082 530 1117 Hic
548 1083 729 1126 loquitur
747 1084 882 1118 adhuc
899 1083 1078 1118 vlterius
1096 1093 1222 1127 super
1240 1083 1396 1125 eodem,
1415 1084 1595 1127 qualiter
1616 1084 1710 1119 loco
1733 1094 1876 1119 eorum

406 1140 474 1184 qui
500 1151 631 1185 nuper
658 1142 767 1176 casti
792 1142 962 1177 fuerunt
987 1143 1030 1176 et
1055 1143 1316 1182 constantes,
1343 1144 1614 1178 surrexerunt
1639 1142 1761 1176 modo
1788 1142 1876 1184 alii,

406 1200 474 1243 qui
491 1200 614 1235 huius
632 1201 762 1235 seculi
780 1200 1020 1235 vanitatem
1039 1201 1384 1246 concupiscentes
1401 1201 1572 1245 pudoris
1586 1201 1877 1236 constanciam

406 1259 573 1302 penitus
591 1260 832 1295 amiserunt.

264 1340 392 1388 Capm.
415 1339 489 1378 xxi.

575 1340 759 1378 Mortuus
789 1347 848 1378 est
875 1341 976 1378 vicia
1005 1341 1184 1379 Socrates
1213 1341 1355 1379 virtute
1383 1341 1631 1391 restringens,

517 1405 758 1454 Dispensare
788 1405 932 1454 quibus
963 1418 1070 1444 nunc
1100 1406 1295 1455 Epicurus
1323 1406 1461 1445 adest:
1791 1421 1878 1453 1320

515 1470 629 1507 Vana
658 1470 921 1520 relinquendo
951 1483 1057 1508 nunc
1087 1478 1264 1509 mortuus
1294 1477 1353 1509 est
1383 1472 1607 1521 Dyogenes,

515 1536 652 1573 Vanus
673 1542 712 1573 et
741 1535 847 1573 hunc
875 1536 1072 1574 mundum
1102 1548 1210 1573 nunc
1238 1536 1444 1585 Arisippus
1474 1536 1605 1574 habet.

515 1601 699 1638 Mortuus
729 1607 788 1639 est
817 1613 960 1650 corpus
989 1601 1184 1651 castigans
1214 1601 1321 1650 virgo
1352 1601 1548 1649 Phirinus,

516 1666 687 1704 Mechus
716 1672 754 1704 et
783 1666 973 1716 Agladius
1002 1666 1098 1704 viuit
1127 1666 1167 1703 in
1197 1666 1291 1704 vrbe
1321 1678 1464 1704 nouus.

515 1732 699 1769 Mortuus
729 1738 787 1769 est
815 1732 972 1770 Troilus
1002 1737 1228 1769 constanter
1257 1744 1390 1770 amore
1421 1732 1560 1779 fidelis,

515 1796 684 1846 Iamque
714 1796 869 1834 Iasonis
895 1808 1006 1834 amor
1035 1797 1160 1834 nescit
1190 1796 1335 1835 habere
1363 1797 1512 1836 fidem:

515 1862 609 1900 Solo
638 1868 826 1899 contenta
854 1862 1018 1900 moritur
1051 1874 1158 1899 nunc
1188 1862 1267 1900 fida
1297 1862 1456 1910 Medea,

518 1925 552 1965 F
555 1927 711 1976 ictaque
740 1927 918 1966 Crisaida
946 1927 1092 1976 gaudet
1120 1939 1252 1965 amare
1284 1927 1398 1965 duos.

517 1993 657 2030 Estuat
686 1993 726 2030 in
755 1992 900 2030 lumbis
930 1993 1079 2030 incasta
1108 1993 1345 2040 Semiramis,
1377 2000 1416 2031 et
1445 2005 1551 2031 nunc

515 2058 593 2095 Vix
621 2058 652 2095 si
683 2058 906 2097 Cassandra
934 2065 1041 2096 casta
1070 2071 1231 2096 manere
1261 2065 1408 2108 queat:
1799 2073 1880 2104 1330

516 2123 677 2161 Mortua
706 2124 920 2172 Penolope,
953 2123 1009 2161 sic
1038 2129 1097 2161 est
1127 2124 1317 2162 Lucrecia
1346 2125 1490 2169 Rome,

515 2188 568 2226 Et
596 2194 760 2237 regnant
789 2189 924 2227 Circes
953 2195 1072 2237 atque
1103 2189 1262 2238 Calipsa
1291 2201 1414 2238 pares.

515 2253 719 2291 Ammodo
750 2253 912 2300 Iustina,
943 2253 1056 2291 luxus
1085 2265 1163 2302 que
1192 2254 1340 2302 spreuit
1369 2254 1537 2302 iniquos,

515 2319 697 2365 Transiit,
729 2325 768 2356 et
797 2318 953 2356 Thaisis
983 2318 1026 2355 fit
1055 2318 1239 2367 resupina
1267 2319 1403 2367 magis.

572 2384 691 2421 Nunc
719 2396 830 2421 amor
857 2390 916 2422 est
946 2383 1095 2421 Paridis
1125 2383 1350 2421 communis
1378 2384 1418 2420 in
1448 2382 1545 2421 orbe
1574 2384 1746 2432 quietus,

516 2449 570 2486 Vt
599 2449 684 2487 sine
713 2461 820 2486 nunc
849 2448 954 2487 bello
984 2448 1152 2498 quisque
1183 2448 1332 2486 fruatur
1363 2460 1425 2486 eo.

517 2514 610 2551 Non
642 2515 878 2563 Hymeneus
908 2514 948 2551 in
977 2513 1051 2551 hiis
1081 2520 1290 2552 conseruat
1318 2520 1433 2562 pacta
1462 2513 1613 2561 diebus,

516 2579 584 2616 Set
612 2580 750 2617 Venus
779 2579 819 2616 in
848 2579 1030 2617 thalamis
1060 2579 1188 2617 reddit
1216 2578 1371 2628 agenda
1399 2579 1504 2617 suis:

516 2644 670 2682 Aurum
700 2651 919 2694 sponsatur,
949 2644 1139 2694 vultuque
1168 2644 1312 2683 decora
1341 2651 1499 2694 paratur

456 2766 539 2797 1312
563 2757 656 2799 esse]
675 2768 756 2789 ecce
772 2758 830 2789 CE
966 2768 1048 2798 1313
1077 2758 1320 2791 Mardocheum
1339 2758 1363 2791 S
1382 2759 1494 2801 (corr.)
1512 2759 1603 2790 CED
1652 2759 1877 2791 Madocheum

411 2808 542 2841 HGLT

454 2860 536 2900 Cap.
553 2860 622 2892 xxi.
639 2860 800 2903 Headt'ng
818 2872 831 2892 1
850 2862 962 2893 adhuc
979 2872 1047 2895 om.
1067 2861 1126 2893 CE

456 2921 539 2952 1334
562 2912 684 2953 Taysis
702 2912 761 2944 ΟΕ
