<?xml version="1.0" encoding="UTF-8"?>
<!DOCTYPE html PUBLIC "-//W3C//DTD XHTML 1.0 Transitional//EN"
    "http://www.w3.org/TR/xhtml1/DTD/xhtml1-transitional.dtd">
<html xmlns="http://www.w3.org/1999/xhtml" xml:lang="en" lang="en">
 <head>
  <title>
</title>
<meta http-equiv="Content-Type" content="text/html;charset=utf-8" />
  <meta name='ocr-system' content='tesseract 3.04.00' />
  <meta name='ocr-capabilities' content='ocr_page ocr_carea ocr_par ocr_line ocrx_word'/>
</head>
<body>
  <div class='ocr_page' id='page_1' title='image "./completeworksofj04gowe_0393.png"; bbox 0 0 2095 3173; ppageno 0'>
   <div class='ocr_carea' id='block_1_1' title="bbox 669 228 1672 279">
    <p class='ocr_par' dir='ltr' id='par_1_1' title="bbox 669 228 1672 279">
     <span class='ocr_line' id='line_1_1' title="bbox 669 228 1672 279; baseline -0.002 -10"><span class='ocrx_word' id='word_1_1' title='bbox 669 229 856 269; x_wconf 86' lang='lat' dir='ltr'>LIBER</span> <span class='ocrx_word' id='word_1_2' title='bbox 896 228 1210 270; x_wconf 87' lang='lat' dir='ltr'>SEPTIMUS</span> <span class='ocrx_word' id='word_1_3' title='bbox 1592 229 1672 279; x_wconf 80' lang='lat'>287</span> 
     </span>
    </p>
   </div>
   <div class='ocr_carea' id='block_1_2' title="bbox 313 336 1686 1949">
    <p class='ocr_par' dir='ltr' id='par_1_2' title="bbox 313 336 1372 516">
     <span class='ocr_line' id='line_1_2' title="bbox 313 336 1372 386; baseline -0.001 -12"><span class='ocrx_word' id='word_1_4' title='bbox 313 337 396 374; x_wconf 83' lang='lat' dir='ltr'>Stat</span> <span class='ocrx_word' id='word_1_5' title='bbox 425 348 527 383; x_wconf 89' lang='lat' dir='ltr'>caro,</span> <span class='ocrx_word' id='word_1_6' title='bbox 560 342 716 386; x_wconf 84' lang='lat' dir='ltr'>statque</span> <span class='ocrx_word' id='word_1_7' title='bbox 746 349 879 374; x_wconf 89' lang='lat' dir='ltr'>comes</span> <span class='ocrx_word' id='word_1_8' title='bbox 910 336 1078 386; x_wconf 87' lang='lat' dir='ltr'>spiritus,</span> <span class='ocrx_word' id='word_1_9' title='bbox 1110 348 1209 374; x_wconf 89' lang='lat' dir='ltr'>vnus</span> <span class='ocrx_word' id='word_1_10' title='bbox 1239 336 1372 374; x_wconf 89' lang='lat' dir='ltr'>homo.</span> 
     </span>
     <span class='ocr_line' id='line_1_3' title="bbox 315 402 1362 451; baseline 0 -12"><span class='ocrx_word' id='word_1_11' title='bbox 315 402 406 439; x_wconf 87' lang='lat' dir='ltr'>Hec</span> <span class='ocrx_word' id='word_1_12' title='bbox 435 414 526 439; x_wconf 87' lang='lat' dir='ltr'>caro</span> <span class='ocrx_word' id='word_1_13' title='bbox 555 414 632 451; x_wconf 89' lang='lat' dir='ltr'>que</span> <span class='ocrx_word' id='word_1_14' title='bbox 662 402 788 439; x_wconf 81' lang='lat' dir='ltr'>carnis</span> <span class='ocrx_word' id='word_1_15' title='bbox 818 408 909 439; x_wconf 91' lang='lat' dir='ltr'>sunt</span> <span class='ocrx_word' id='word_1_16' title='bbox 939 402 1067 449; x_wconf 87' lang='lat' dir='ltr'><strong>sentit,</strong></span> <span class='ocrx_word' id='word_1_17' title='bbox 1099 402 1255 451; x_wconf 90' lang='lat' dir='ltr'>spiritus</span> <span class='ocrx_word' id='word_1_18' title='bbox 1284 402 1362 439; x_wconf 86' lang='lat' dir='ltr'>alta</span> 
     </span>
     <span class='ocr_line' id='line_1_4' title="bbox 314 467 1061 516; baseline 0.001 -12"><span class='ocrx_word' id='word_1_19' title='bbox 314 467 450 504; x_wconf 83' lang='lat' dir='ltr'>Sidera</span> <span class='ocrx_word' id='word_1_20' title='bbox 479 467 646 516; x_wconf 80' lang='lat' dir='ltr'>suspirat</span> <span class='ocrx_word' id='word_1_21' title='bbox 675 474 713 505; x_wconf 92' lang='lat' dir='ltr'>et</span> <span class='ocrx_word' id='word_1_22' title='bbox 743 480 813 505; x_wconf 88' lang='lat' dir='ltr'>sua</span> <span class='ocrx_word' id='word_1_23' title='bbox 842 467 924 504; x_wconf 90' lang='lat' dir='ltr'>iura</span> <span class='ocrx_word' id='word_1_24' title='bbox 953 468 1061 516; x_wconf 88' lang='lat' dir='ltr'>petit.</span> 
     </span>
    </p>

    <p class='ocr_par' dir='ltr' id='par_1_3' title="bbox 315 532 1380 776">
     <span class='ocr_line' id='line_1_5' title="bbox 369 532 1380 581; baseline 0 -12"><span class='ocrx_word' id='word_1_25' title='bbox 369 532 452 569; x_wconf 87' lang='lat' dir='ltr'>Stat</span> <span class='ocrx_word' id='word_1_26' title='bbox 481 532 670 570; x_wconf 85' lang='lat' dir='ltr'>formatus</span> <span class='ocrx_word' id='word_1_27' title='bbox 700 533 834 579; x_wconf 83' lang='lat' dir='ltr'>homo,</span> <span class='ocrx_word' id='word_1_28' title='bbox 865 533 1027 570; x_wconf 88' lang='lat' dir='ltr'>miratur</span> <span class='ocrx_word' id='word_1_29' title='bbox 1055 544 1177 581; x_wconf 89' lang='lat' dir='ltr'>seque</span> <span class='ocrx_word' id='word_1_30' title='bbox 1206 544 1380 581; x_wconf 87' lang='lat' dir='ltr'>suosque</span> 
     </span>
     <span class='ocr_line' id='line_1_6' title="bbox 315 597 1355 646; baseline 0.001 -12"><span class='ocrx_word' id='word_1_31' title='bbox 315 598 471 644; x_wconf 90' lang='lat' dir='ltr'>Gestus,</span> <span class='ocrx_word' id='word_1_32' title='bbox 502 604 542 635; x_wconf 91' lang='lat' dir='ltr'>et</span> <span class='ocrx_word' id='word_1_33' title='bbox 572 598 697 635; x_wconf 88' lang='lat' dir='ltr'>nescit</span> <span class='ocrx_word' id='word_1_34' title='bbox 726 597 823 646; x_wconf 91' lang='lat' dir='ltr'>quid</span> <span class='ocrx_word' id='word_1_35' title='bbox 853 597 901 635; x_wconf 90' lang='lat' dir='ltr'>sit</span> <span class='ocrx_word' id='word_1_36' title='bbox 931 603 969 635; x_wconf 96' lang='lat' dir='ltr'>et</span> <span class='ocrx_word' id='word_1_37' title='bbox 998 597 1049 635; x_wconf 88' lang='lat' dir='ltr'>ad</span> <span class='ocrx_word' id='word_1_38' title='bbox 1079 597 1176 646; x_wconf 91' lang='lat' dir='ltr'>quid</span> <span class='ocrx_word' id='word_1_39' title='bbox 1205 597 1355 636; x_wconf 83' lang='lat' dir='ltr'>homo:</span> 
     </span>
     <span class='ocr_line' id='line_1_7' title="bbox 315 660 1304 710; baseline -0.002 -9"><span class='ocrx_word' id='word_1_40' title='bbox 315 662 501 710; x_wconf 86' lang='lat' dir='ltr'>Corporis</span> <span class='ocrx_word' id='word_1_41' title='bbox 530 662 703 700; x_wconf 86' lang='lat' dir='ltr'>officium</span> <span class='ocrx_word' id='word_1_42' title='bbox 732 662 904 708; x_wconf 89' lang='lat' dir='ltr'>miratur,</span> <span class='ocrx_word' id='word_1_43' title='bbox 936 660 1113 700; x_wconf 88' lang='lat' dir='ltr'>membra</span> <span class='ocrx_word' id='word_1_44' title='bbox 1142 662 1304 709; x_wconf 90' lang='lat' dir='ltr'>moueri,</span> 
     </span>
     <span class='ocr_line' id='line_1_8' title="bbox 315 727 1226 776; baseline 0.001 -13"><span class='ocrx_word' id='word_1_45' title='bbox 315 727 576 776; x_wconf 87' lang='lat' dir='ltr'>Artificesque</span> <span class='ocrx_word' id='word_1_46' title='bbox 605 740 745 765; x_wconf 88' lang='lat' dir='ltr'>manus</span> <span class='ocrx_word' id='word_1_47' title='bbox 775 727 1039 776; x_wconf 82' lang='lat' dir='ltr'>articulosque</span> <span class='ocrx_word' id='word_1_48' title='bbox 1067 727 1226 776; x_wconf 89' lang='lat' dir='ltr'>pedum.</span> 
     </span>
    </p>

    <p class='ocr_par' dir='ltr' id='par_1_4' title="bbox 316 792 1248 841">
     <span class='ocr_line' id='line_1_9' title="bbox 316 792 1248 841; baseline 0 -12"><span class='ocrx_word' id='word_1_49' title='bbox 316 793 435 830; x_wconf 90' lang='lat' dir='ltr'>Artus</span> <span class='ocrx_word' id='word_1_50' title='bbox 465 793 665 839; x_wconf 79' lang='lat' dir='ltr'>distendit,</span> <span class='ocrx_word' id='word_1_51' title='bbox 697 793 877 830; x_wconf 90' lang='lat' dir='ltr'>dissoluit</span> <span class='ocrx_word' id='word_1_52' title='bbox 906 792 1076 839; x_wconf 89' lang='lat' dir='ltr'>brachia,</span> <span class='ocrx_word' id='word_1_53' title='bbox 1107 792 1248 841; x_wconf 81' lang='lat' dir='ltr'>palmis</span> 
     </span>
    </p>

    <p class='ocr_par' dir='ltr' id='par_1_5' title="bbox 317 856 1680 971">
     <span class='ocr_line' id='line_1_10' title="bbox 317 856 1680 907; baseline 0 -13"><span class='ocrx_word' id='word_1_54' title='bbox 317 856 504 906; x_wconf 86' lang='lat' dir='ltr'>Corporis</span> <span class='ocrx_word' id='word_1_55' title='bbox 533 864 711 895; x_wconf 89' lang='lat' dir='ltr'>attractat</span> <span class='ocrx_word' id='word_1_56' title='bbox 742 858 894 907; x_wconf 83' lang='lat' dir='ltr'>singula</span> <span class='ocrx_word' id='word_1_57' title='bbox 923 856 1100 895; x_wconf 87' lang='lat' dir='ltr'>membra</span> <span class='ocrx_word' id='word_1_58' title='bbox 1129 858 1216 896; x_wconf 90' lang='lat' dir='ltr'>sui:</span> <span class='ocrx_word' id='word_1_59' title='bbox 1619 872 1680 904; x_wconf 75' lang='lat'>550</span> 
     </span>
     <span class='ocr_line' id='line_1_11' title="bbox 319 922 1258 971; baseline 0.001 -13"><span class='ocrx_word' id='word_1_60' title='bbox 319 922 367 958; x_wconf 92' lang='lat' dir='ltr'>In</span> <span class='ocrx_word' id='word_1_61' title='bbox 398 934 439 960; x_wconf 89' lang='lat' dir='ltr'>se</span> <span class='ocrx_word' id='word_1_62' title='bbox 467 923 563 971; x_wconf 89' lang='lat' dir='ltr'>quid</span> <span class='ocrx_word' id='word_1_63' title='bbox 593 923 717 961; x_wconf 88' lang='lat' dir='ltr'>cernit</span> <span class='ocrx_word' id='word_1_64' title='bbox 747 935 832 960; x_wconf 89' lang='lat' dir='ltr'>sese</span> <span class='ocrx_word' id='word_1_65' title='bbox 862 922 1032 969; x_wconf 87' lang='lat' dir='ltr'>miratur,</span> <span class='ocrx_word' id='word_1_66' title='bbox 1064 928 1103 960; x_wconf 93' lang='lat' dir='ltr'>et</span> <span class='ocrx_word' id='word_1_67' title='bbox 1132 922 1258 971; x_wconf 84' lang='lat' dir='ltr'>ipsam</span> 
     </span>
    </p>

    <p class='ocr_par' dir='ltr' id='par_1_6' title="bbox 318 987 1301 1037">
     <span class='ocr_line' id='line_1_12' title="bbox 318 987 1301 1037; baseline 0.001 -13"><span class='ocrx_word' id='word_1_68' title='bbox 318 987 449 1034; x_wconf 87' lang='lat' dir='ltr'>Quam</span> <span class='ocrx_word' id='word_1_69' title='bbox 479 988 576 1036; x_wconf 83' lang='lat' dir='ltr'>gerit</span> <span class='ocrx_word' id='word_1_70' title='bbox 606 988 774 1037; x_wconf 84' lang='lat' dir='ltr'>effigiem</span> <span class='ocrx_word' id='word_1_71' title='bbox 804 1000 885 1026; x_wconf 91' lang='lat' dir='ltr'>non</span> <span class='ocrx_word' id='word_1_72' title='bbox 915 988 1021 1026; x_wconf 92' lang='lat' dir='ltr'>videt</span> <span class='ocrx_word' id='word_1_73' title='bbox 1051 999 1137 1025; x_wconf 89' lang='lat' dir='ltr'>esse</span> <span class='ocrx_word' id='word_1_74' title='bbox 1166 1000 1301 1026; x_wconf 88' lang='lat' dir='ltr'>suam:</span> 
     </span>
    </p>

    <p class='ocr_par' dir='ltr' id='par_1_7' title="bbox 319 1052 1202 1103">
     <span class='ocr_line' id='line_1_13' title="bbox 319 1052 1202 1103; baseline 0.001 -14"><span class='ocrx_word' id='word_1_75' title='bbox 319 1052 487 1090; x_wconf 86' lang='lat' dir='ltr'>Miratur</span> <span class='ocrx_word' id='word_1_76' title='bbox 516 1053 655 1091; x_wconf 87' lang='lat' dir='ltr'>faciem</span> <span class='ocrx_word' id='word_1_77' title='bbox 686 1061 786 1091; x_wconf 92' lang='lat' dir='ltr'>terre</span> <span class='ocrx_word' id='word_1_78' title='bbox 814 1053 1018 1102; x_wconf 84' lang='lat' dir='ltr'>variasque</span> <span class='ocrx_word' id='word_1_79' title='bbox 1048 1053 1202 1103; x_wconf 85' lang='lat' dir='ltr'>figuras,</span> 
     </span>
    </p>

    <p class='ocr_par' dir='ltr' id='par_1_8' title="bbox 319 1118 1215 1168">
     <span class='ocr_line' id='line_1_14' title="bbox 319 1118 1215 1168; baseline -0.002 -10"><span class='ocrx_word' id='word_1_80' title='bbox 319 1120 371 1158; x_wconf 89' lang='lat' dir='ltr'>Et</span> <span class='ocrx_word' id='word_1_81' title='bbox 400 1119 493 1168; x_wconf 87' lang='lat' dir='ltr'>quia</span> <span class='ocrx_word' id='word_1_82' title='bbox 522 1131 604 1156; x_wconf 87' lang='lat' dir='ltr'>non</span> <span class='ocrx_word' id='word_1_83' title='bbox 634 1119 746 1157; x_wconf 92' lang='lat' dir='ltr'>nouit</span> <span class='ocrx_word' id='word_1_84' title='bbox 776 1119 949 1165; x_wconf 87' lang='lat' dir='ltr'>nomina,</span> <span class='ocrx_word' id='word_1_85' title='bbox 980 1118 1105 1156; x_wconf 90' lang='lat' dir='ltr'>nescit</span> <span class='ocrx_word' id='word_1_86' title='bbox 1134 1130 1215 1156; x_wconf 81' lang='lat' dir='ltr'>eas.</span> 
     </span>
    </p>

    <p class='ocr_par' dir='ltr' id='par_1_9' title="bbox 317 1183 1187 1231">
     <span class='ocr_line' id='line_1_15' title="bbox 317 1183 1187 1231; baseline -0.002 -9"><span class='ocrx_word' id='word_1_87' title='bbox 317 1184 451 1222; x_wconf 87' lang='lat' dir='ltr'>Erexit</span> <span class='ocrx_word' id='word_1_88' title='bbox 480 1184 621 1231; x_wconf 82' lang='lat' dir='ltr'>vultus,</span> <span class='ocrx_word' id='word_1_89' title='bbox 653 1197 697 1222; x_wconf 93' lang='lat' dir='ltr'>os</span> <span class='ocrx_word' id='word_1_90' title='bbox 727 1183 955 1221; x_wconf 87' lang='lat' dir='ltr'>sublimauit</span> <span class='ocrx_word' id='word_1_91' title='bbox 985 1184 1025 1220; x_wconf 94' lang='lat' dir='ltr'>in</span> <span class='ocrx_word' id='word_1_92' title='bbox 1053 1184 1187 1230; x_wconf 89' lang='lat' dir='ltr'>altum,</span> 
     </span>
    </p>

    <p class='ocr_par' dir='ltr' id='par_1_10' title="bbox 320 1248 1231 1298">
     <span class='ocr_line' id='line_1_16' title="bbox 320 1248 1231 1298; baseline -0.001 -11"><span class='ocrx_word' id='word_1_93' title='bbox 320 1250 370 1287; x_wconf 90' lang='lat' dir='ltr'>Se</span> <span class='ocrx_word' id='word_1_94' title='bbox 400 1249 498 1298; x_wconf 87' lang='lat' dir='ltr'>rapit</span> <span class='ocrx_word' id='word_1_95' title='bbox 527 1249 578 1287; x_wconf 87' lang='lat' dir='ltr'>ad</span> <span class='ocrx_word' id='word_1_96' title='bbox 608 1261 781 1298; x_wconf 90' lang='lat' dir='ltr'>superos,</span> <span class='ocrx_word' id='word_1_97' title='bbox 814 1249 970 1297; x_wconf 89' lang='lat' dir='ltr'>spiritus</span> <span class='ocrx_word' id='word_1_98' title='bbox 1000 1248 1105 1286; x_wconf 90' lang='lat' dir='ltr'>vnde</span> <span class='ocrx_word' id='word_1_99' title='bbox 1134 1248 1231 1286; x_wconf 87' lang='lat' dir='ltr'>fuit:</span> 
     </span>
    </p>

    <p class='ocr_par' dir='ltr' id='par_1_11' title="bbox 322 1313 1321 1363">
     <span class='ocr_line' id='line_1_17' title="bbox 322 1313 1321 1363; baseline -0.002 -11"><span class='ocrx_word' id='word_1_100' title='bbox 322 1315 489 1352; x_wconf 89' lang='lat' dir='ltr'>Miratur</span> <span class='ocrx_word' id='word_1_101' title='bbox 516 1315 589 1353; x_wconf 89' lang='lat' dir='ltr'>celi</span> <span class='ocrx_word' id='word_1_102' title='bbox 619 1314 790 1363; x_wconf 88' lang='lat' dir='ltr'>speciem</span> <span class='ocrx_word' id='word_1_103' title='bbox 821 1314 1069 1363; x_wconf 88' lang='lat' dir='ltr'>formamque</span> <span class='ocrx_word' id='word_1_104' title='bbox 1097 1313 1321 1360; x_wconf 88' lang='lat' dir='ltr'>rotundam,</span> 
     </span>
    </p>

    <p class='ocr_par' dir='ltr' id='par_1_12' title="bbox 325 1378 1179 1428">
     <span class='ocr_line' id='line_1_18' title="bbox 325 1378 1179 1428; baseline -0.001 -11"><span class='ocrx_word' id='word_1_105' title='bbox 325 1379 507 1418; x_wconf 89' lang='lat' dir='ltr'>Sidereos</span> <span class='ocrx_word' id='word_1_106' title='bbox 536 1387 667 1417; x_wconf 89' lang='lat' dir='ltr'>motus</span> <span class='ocrx_word' id='word_1_107' title='bbox 699 1378 982 1428; x_wconf 87' lang='lat' dir='ltr'>stelliferasque</span> <span class='ocrx_word' id='word_1_108' title='bbox 1011 1379 1179 1417; x_wconf 85' lang='lat' dir='ltr'>domos:</span> 
     </span>
    </p>

    <p class='ocr_par' dir='ltr' id='par_1_13' title="bbox 323 1443 1412 1493">
     <span class='ocr_line' id='line_1_19' title="bbox 323 1443 1412 1493; baseline -0.002 -11"><span class='ocrx_word' id='word_1_109' title='bbox 323 1445 406 1482; x_wconf 88' lang='lat' dir='ltr'>Stat</span> <span class='ocrx_word' id='word_1_110' title='bbox 436 1457 563 1482; x_wconf 90' lang='lat' dir='ltr'>nouus</span> <span class='ocrx_word' id='word_1_111' title='bbox 593 1445 782 1482; x_wconf 87' lang='lat' dir='ltr'>attonitus</span> <span class='ocrx_word' id='word_1_112' title='bbox 812 1445 957 1493; x_wconf 88' lang='lat' dir='ltr'>hospes</span> <span class='ocrx_word' id='word_1_113' title='bbox 988 1455 1204 1492; x_wconf 88' lang='lat' dir='ltr'>secumque</span> <span class='ocrx_word' id='word_1_114' title='bbox 1233 1443 1412 1490; x_wconf 87' lang='lat' dir='ltr'>revoluit,</span> 
     </span>
    </p>

    <p class='ocr_par' dir='ltr' id='par_1_14' title="bbox 324 1508 1686 1623">
     <span class='ocr_line' id='line_1_20' title="bbox 324 1508 1686 1558; baseline -0.001 -12"><span class='ocrx_word' id='word_1_115' title='bbox 324 1508 434 1557; x_wconf 87' lang='lat' dir='ltr'>Quid</span> <span class='ocrx_word' id='word_1_116' title='bbox 464 1509 538 1547; x_wconf 88' lang='lat' dir='ltr'>sibi</span> <span class='ocrx_word' id='word_1_117' title='bbox 568 1522 646 1558; x_wconf 88' lang='lat' dir='ltr'>que</span> <span class='ocrx_word' id='word_1_118' title='bbox 675 1510 798 1547; x_wconf 81' lang='lat' dir='ltr'>cernit</span> <span class='ocrx_word' id='word_1_119' title='bbox 828 1522 992 1558; x_wconf 87' lang='lat' dir='ltr'>corpora</span> <span class='ocrx_word' id='word_1_120' title='bbox 1021 1516 1129 1546; x_wconf 92' lang='lat' dir='ltr'>tanta</span> <span class='ocrx_word' id='word_1_121' title='bbox 1157 1509 1290 1546; x_wconf 91' lang='lat' dir='ltr'>velint.</span> <span class='ocrx_word' id='word_1_122' title='bbox 1622 1514 1686 1554; x_wconf 65' lang='lat'>560</span> 
     </span>
     <span class='ocr_line' id='line_1_21' title="bbox 324 1572 1266 1623; baseline -0.002 -11"><span class='ocrx_word' id='word_1_123' title='bbox 324 1575 605 1623; x_wconf 89' lang='lat' dir='ltr'>Noticiamque</span> <span class='ocrx_word' id='word_1_124' title='bbox 634 1582 766 1612; x_wconf 87' lang='lat' dir='ltr'>tamen</span> <span class='ocrx_word' id='word_1_125' title='bbox 796 1575 849 1611; x_wconf 88' lang='lat' dir='ltr'>illi</span> <span class='ocrx_word' id='word_1_126' title='bbox 881 1582 1018 1612; x_wconf 89' lang='lat' dir='ltr'>natura</span> <span class='ocrx_word' id='word_1_127' title='bbox 1046 1572 1240 1611; x_wconf 89' lang='lat' dir='ltr'>ministrat</span> <span class='ocrx_word' id='word_1_128' title='bbox 1256 1587 1266 1621; x_wconf 82' lang='lat'><em>3</em></span> 
     </span>
    </p>

    <p class='ocr_par' dir='ltr' id='par_1_15' title="bbox 324 1637 1369 1689">
     <span class='ocr_line' id='line_1_22' title="bbox 324 1637 1369 1689; baseline 0 -12"><span class='ocrx_word' id='word_1_129' title='bbox 324 1640 446 1688; x_wconf 86' lang='lat' dir='ltr'>Quod</span> <span class='ocrx_word' id='word_1_130' title='bbox 475 1640 523 1677; x_wconf 91' lang='lat' dir='ltr'>sit</span> <span class='ocrx_word' id='word_1_131' title='bbox 552 1640 686 1685; x_wconf 89' lang='lat' dir='ltr'>homo,</span> <span class='ocrx_word' id='word_1_132' title='bbox 719 1640 828 1689; x_wconf 89' lang='lat' dir='ltr'>quod</span> <span class='ocrx_word' id='word_1_133' title='bbox 858 1646 948 1677; x_wconf 92' lang='lat' dir='ltr'>sunt</span> <span class='ocrx_word' id='word_1_134' title='bbox 978 1640 1051 1677; x_wconf 90' lang='lat' dir='ltr'>ista</span> <span class='ocrx_word' id='word_1_135' title='bbox 1080 1646 1209 1677; x_wconf 88' lang='lat' dir='ltr'>creata</span> <span class='ocrx_word' id='word_1_136' title='bbox 1237 1637 1369 1677; x_wconf 90' lang='lat' dir='ltr'>videt:</span> 
     </span>
    </p>

    <p class='ocr_par' dir='ltr' id='par_1_16' title="bbox 324 1703 1403 1753">
     <span class='ocr_line' id='line_1_23' title="bbox 324 1703 1403 1753; baseline -0.001 -11"><span class='ocrx_word' id='word_1_137' title='bbox 324 1705 447 1753; x_wconf 85' lang='lat' dir='ltr'>Quod</span> <span class='ocrx_word' id='word_1_138' title='bbox 475 1706 524 1742; x_wconf 89' lang='lat' dir='ltr'>sit</span> <span class='ocrx_word' id='word_1_139' title='bbox 554 1705 603 1742; x_wconf 93' lang='lat' dir='ltr'>ad</span> <span class='ocrx_word' id='word_1_140' title='bbox 631 1705 827 1742; x_wconf 89' lang='lat' dir='ltr'>humanos</span> <span class='ocrx_word' id='word_1_141' title='bbox 857 1717 947 1742; x_wconf 88' lang='lat' dir='ltr'>vsus</span> <span class='ocrx_word' id='word_1_142' title='bbox 977 1703 1041 1741; x_wconf 94' lang='lat' dir='ltr'>hic</span> <span class='ocrx_word' id='word_1_143' title='bbox 1070 1704 1255 1742; x_wconf 87' lang='lat' dir='ltr'>conditus</span> <span class='ocrx_word' id='word_1_144' title='bbox 1285 1703 1403 1751; x_wconf 88' lang='lat' dir='ltr'>orbis,</span> 
     </span>
    </p>

    <p class='ocr_par' dir='ltr' id='par_1_17' title="bbox 325 1769 1308 1819">
     <span class='ocr_line' id='line_1_24' title="bbox 325 1769 1308 1819; baseline 0 -12"><span class='ocrx_word' id='word_1_145' title='bbox 325 1770 448 1818; x_wconf 85' lang='lat' dir='ltr'>Quod</span> <span class='ocrx_word' id='word_1_146' title='bbox 477 1770 525 1807; x_wconf 90' lang='lat' dir='ltr'>sit</span> <span class='ocrx_word' id='word_1_147' title='bbox 554 1770 590 1808; x_wconf 91' lang='lat' dir='ltr'>ei</span> <span class='ocrx_word' id='word_1_148' title='bbox 620 1771 799 1819; x_wconf 91' lang='lat' dir='ltr'>proprius</span> <span class='ocrx_word' id='word_1_149' title='bbox 828 1770 1014 1815; x_wconf 90' lang='lat' dir='ltr'>mundus,</span> <span class='ocrx_word' id='word_1_150' title='bbox 1047 1776 1084 1807; x_wconf 92' lang='lat' dir='ltr'>et</span> <span class='ocrx_word' id='word_1_151' title='bbox 1115 1769 1199 1817; x_wconf 90' lang='lat' dir='ltr'>ipse</span> <span class='ocrx_word' id='word_1_152' title='bbox 1229 1769 1308 1807; x_wconf 87' lang='lat' dir='ltr'>dei.</span> 
     </span>
    </p>

    <p class='ocr_par' dir='ltr' id='par_1_18' title="bbox 325 1833 1237 1881">
     <span class='ocr_line' id='line_1_25' title="bbox 325 1833 1237 1881; baseline -0.002 -9"><span class='ocrx_word' id='word_1_153' title='bbox 325 1835 449 1872; x_wconf 89' lang='lat' dir='ltr'>Ardet</span> <span class='ocrx_word' id='word_1_154' title='bbox 478 1834 518 1871; x_wconf 92' lang='lat' dir='ltr'>in</span> <span class='ocrx_word' id='word_1_155' title='bbox 548 1834 718 1872; x_wconf 88' lang='lat' dir='ltr'>auctoris</span> <span class='ocrx_word' id='word_1_156' title='bbox 749 1833 850 1871; x_wconf 90' lang='lat' dir='ltr'>illius</span> <span class='ocrx_word' id='word_1_157' title='bbox 880 1846 1018 1872; x_wconf 89' lang='lat' dir='ltr'>sensus</span> <span class='ocrx_word' id='word_1_158' title='bbox 1046 1846 1237 1881; x_wconf 86' lang='lat' dir='ltr'>amorem,</span> 
     </span>
    </p>

    <p class='ocr_par' dir='ltr' id='par_1_19' title="bbox 327 1898 1281 1949">
     <span class='ocr_line' id='line_1_26' title="bbox 327 1898 1281 1949; baseline -0.001 -12"><span class='ocrx_word' id='word_1_159' title='bbox 327 1899 494 1948; x_wconf 89' lang='lat' dir='ltr'>Iamque</span> <span class='ocrx_word' id='word_1_160' title='bbox 523 1898 754 1949; x_wconf 87' lang='lat' dir='ltr'>recognouit</span> <span class='ocrx_word' id='word_1_161' title='bbox 784 1900 882 1948; x_wconf 89' lang='lat' dir='ltr'>quid</span> <span class='ocrx_word' id='word_1_162' title='bbox 911 1900 960 1937; x_wconf 92' lang='lat' dir='ltr'>sit</span> <span class='ocrx_word' id='word_1_163' title='bbox 988 1911 1119 1937; x_wconf 89' lang='lat' dir='ltr'>amare</span> <span class='ocrx_word' id='word_1_164' title='bbox 1149 1899 1281 1936; x_wconf 90' lang='lat' dir='ltr'>deum.</span> 
     </span>
    </p>
   </div>
   <div class='ocr_carea' id='block_1_3' title="bbox 219 2032 1690 2194">
    <p class='ocr_par' dir='ltr' id='par_1_20' title="bbox 219 2032 1690 2194">
     <span class='ocr_line' id='line_1_27' title="bbox 267 2032 1690 2077; baseline 0.001 -11"><span class='ocrx_word' id='word_1_165' title='bbox 267 2032 344 2067; x_wconf 92' lang='lat' dir='ltr'>Hic</span> <span class='ocrx_word' id='word_1_166' title='bbox 383 2033 564 2076; x_wconf 88' lang='lat' dir='ltr'>loquitur</span> <span class='ocrx_word' id='word_1_167' title='bbox 605 2033 724 2077; x_wconf 91' lang='lat' dir='ltr'>quod,</span> <span class='ocrx_word' id='word_1_168' title='bbox 766 2043 900 2076; x_wconf 88' lang='lat' dir='ltr'>exquo</span> <span class='ocrx_word' id='word_1_169' title='bbox 940 2035 1106 2068; x_wconf 88' lang='lat' dir='ltr'>creator</span> <span class='ocrx_word' id='word_1_170' title='bbox 1146 2033 1330 2068; x_wconf 90' lang='lat' dir='ltr'>omnium</span> <span class='ocrx_word' id='word_1_171' title='bbox 1364 2032 1466 2067; x_wconf 90' lang='lat' dir='ltr'>deus</span> <span class='ocrx_word' id='word_1_172' title='bbox 1498 2033 1690 2076; x_wconf 85' lang='lat' dir='ltr'>singulas</span> 
     </span>
     <span class='ocr_line' id='line_1_28' title="bbox 219 2091 1689 2134; baseline 0.001 -10"><span class='ocrx_word' id='word_1_173' title='bbox 219 2091 341 2125; x_wconf 90' lang='lat' dir='ltr'>huius</span> <span class='ocrx_word' id='word_1_174' title='bbox 366 2091 508 2125; x_wconf 87' lang='lat' dir='ltr'>mundi</span> <span class='ocrx_word' id='word_1_175' title='bbox 533 2091 706 2126; x_wconf 83' lang='lat' dir='ltr'>delicias</span> <span class='ocrx_word' id='word_1_176' title='bbox 731 2092 828 2126; x_wconf 89' lang='lat' dir='ltr'>vsui</span> <span class='ocrx_word' id='word_1_177' title='bbox 854 2092 1038 2126; x_wconf 87' lang='lat' dir='ltr'>subdidit</span> <span class='ocrx_word' id='word_1_178' title='bbox 1062 2092 1257 2131; x_wconf 86' lang='lat' dir='ltr'>humano,</span> <span class='ocrx_word' id='word_1_179' title='bbox 1282 2091 1452 2134; x_wconf 87' lang='lat' dir='ltr'>dignum</span> <span class='ocrx_word' id='word_1_180' title='bbox 1476 2094 1541 2126; x_wconf 86' lang='lat' dir='ltr'>est</span> <span class='ocrx_word' id='word_1_181' title='bbox 1568 2093 1689 2134; x_wconf 89' lang='lat' dir='ltr'>quod,</span> 
     </span>
     <span class='ocr_line' id='line_1_29' title="bbox 221 2149 1690 2194; baseline 0.001 -11"><span class='ocrx_word' id='word_1_182' title='bbox 221 2149 329 2183; x_wconf 90' lang='lat' dir='ltr'>sicut</span> <span class='ocrx_word' id='word_1_183' title='bbox 367 2149 493 2183; x_wconf 89' lang='lat' dir='ltr'>homo</span> <span class='ocrx_word' id='word_1_184' title='bbox 533 2149 694 2184; x_wconf 89' lang='lat' dir='ltr'>deliciis</span> <span class='ocrx_word' id='word_1_185' title='bbox 726 2150 950 2184; x_wconf 90' lang='lat' dir='ltr'>secundum</span> <span class='ocrx_word' id='word_1_186' title='bbox 983 2160 1132 2194; x_wconf 88' lang='lat' dir='ltr'>corpus</span> <span class='ocrx_word' id='word_1_187' title='bbox 1164 2150 1327 2191; x_wconf 87' lang='lat' dir='ltr'>fruitur,</span> <span class='ocrx_word' id='word_1_188' title='bbox 1362 2149 1424 2184; x_wconf 84' lang='lat' dir='ltr'>ita</span> <span class='ocrx_word' id='word_1_189' title='bbox 1465 2150 1690 2184; x_wconf 88' lang='lat' dir='ltr'>secundum</span> 
     </span>
    </p>
   </div>
   <div class='ocr_carea' id='block_1_4' title="bbox 222 2208 1690 2310">
    <p class='ocr_par' dir='ltr' id='par_1_21' title="bbox 222 2208 1690 2310">
     <span class='ocr_line' id='line_1_30' title="bbox 222 2208 1690 2252; baseline 0.001 -11"><span class='ocrx_word' id='word_1_190' title='bbox 222 2208 412 2251; x_wconf 86' lang='lat' dir='ltr'>spiritum</span> <span class='ocrx_word' id='word_1_191' title='bbox 442 2208 519 2242; x_wconf 89' lang='lat' dir='ltr'>deo</span> <span class='ocrx_word' id='word_1_192' title='bbox 550 2209 731 2243; x_wconf 85' lang='lat' dir='ltr'>creatori</span> <span class='ocrx_word' id='word_1_193' title='bbox 758 2219 834 2242; x_wconf 88' lang='lat' dir='ltr'>suo</span> <span class='ocrx_word' id='word_1_194' title='bbox 865 2211 1032 2252; x_wconf 88' lang='lat' dir='ltr'>gratum</span> <span class='ocrx_word' id='word_1_195' title='bbox 1061 2209 1306 2252; x_wconf 84' lang='lat' dir='ltr'>obsequium</span> <span class='ocrx_word' id='word_1_196' title='bbox 1336 2218 1427 2242; x_wconf 90' lang='lat' dir='ltr'>cum</span> <span class='ocrx_word' id='word_1_197' title='bbox 1452 2208 1690 2252; x_wconf 83' lang='lat' dir='ltr'>graciarum</span> 
     </span>
     <span class='ocr_line' id='line_1_31' title="bbox 223 2266 903 2310; baseline 0.003 -11"><span class='ocrx_word' id='word_1_198' title='bbox 223 2266 394 2300; x_wconf 83' lang='lat' dir='ltr'>accione</span> <span class='ocrx_word' id='word_1_199' title='bbox 420 2268 512 2300; x_wconf 89' lang='lat' dir='ltr'>toto</span> <span class='ocrx_word' id='word_1_200' title='bbox 538 2266 664 2301; x_wconf 89' lang='lat' dir='ltr'>corde</span> <span class='ocrx_word' id='word_1_201' title='bbox 689 2266 903 2310; x_wconf 84' lang='lat' dir='ltr'>rependat.</span> 
     </span>
    </p>
   </div>
   <div class='ocr_carea' id='block_1_5' title="bbox 88 2346 1693 2852">
    <p class='ocr_par' dir='ltr' id='par_1_22' title="bbox 88 2346 1693 2852">
     <span class='ocr_line' id='line_1_32' title="bbox 88 2346 1488 2397; baseline 0.001 -14"><span class='ocrx_word' id='word_1_202' title='bbox 88 2346 217 2396; x_wconf 80' lang='lat' dir='ltr'>Capm.</span> <span class='ocrx_word' id='word_1_203' title='bbox 238 2346 302 2384; x_wconf 89' lang='lat' dir='ltr'>vii.</span> <span class='ocrx_word' id='word_1_204' title='bbox 387 2346 474 2393; x_wconf 92' lang='lat' dir='ltr'>Dic,</span> <span class='ocrx_word' id='word_1_205' title='bbox 505 2347 648 2394; x_wconf 87' lang='lat' dir='ltr'>Adam,</span> <span class='ocrx_word' id='word_1_206' title='bbox 680 2347 756 2394; x_wconf 86' lang='lat' dir='ltr'>dic,</span> <span class='ocrx_word' id='word_1_207' title='bbox 792 2348 879 2385; x_wconf 91' lang='lat' dir='ltr'>Eua</span> <span class='ocrx_word' id='word_1_208' title='bbox 907 2359 1060 2397; x_wconf 89' lang='lat' dir='ltr'>parens,</span> <span class='ocrx_word' id='word_1_209' title='bbox 1091 2347 1156 2385; x_wconf 87' lang='lat' dir='ltr'>dic</span> <span class='ocrx_word' id='word_1_210' title='bbox 1184 2359 1284 2385; x_wconf 91' lang='lat' dir='ltr'>vnus</span> <span class='ocrx_word' id='word_1_211' title='bbox 1314 2354 1352 2385; x_wconf 92' lang='lat' dir='ltr'>et</span> <span class='ocrx_word' id='word_1_212' title='bbox 1381 2347 1488 2394; x_wconf 88' lang='lat' dir='ltr'>alter,</span> 
     </span>
     <span class='ocr_line' id='line_1_33' title="bbox 336 2410 1111 2462; baseline 0.003 -14"><span class='ocrx_word' id='word_1_213' title='bbox 336 2410 411 2449; x_wconf 92' lang='lat' dir='ltr'>Dic</span> <span class='ocrx_word' id='word_1_214' title='bbox 440 2411 512 2449; x_wconf 90' lang='lat' dir='ltr'>tibi</span> <span class='ocrx_word' id='word_1_215' title='bbox 542 2412 573 2449; x_wconf 90' lang='lat' dir='ltr'>si</span> <span class='ocrx_word' id='word_1_216' title='bbox 603 2412 705 2450; x_wconf 89' lang='lat' dir='ltr'>desit</span> <span class='ocrx_word' id='word_1_217' title='bbox 733 2411 861 2462; x_wconf 88' lang='lat' dir='ltr'>gracia</span> <span class='ocrx_word' id='word_1_218' title='bbox 889 2413 1006 2462; x_wconf 90' lang='lat' dir='ltr'>plena</span> <span class='ocrx_word' id='word_1_219' title='bbox 1035 2412 1111 2450; x_wconf 89' lang='lat' dir='ltr'>dei.</span> 
     </span>
     <span class='ocr_line' id='line_1_34' title="bbox 333 2476 1455 2526; baseline -0.001 -11"><span class='ocrx_word' id='word_1_220' title='bbox 333 2476 489 2515; x_wconf 90' lang='lat' dir='ltr'>Cuncta</span> <span class='ocrx_word' id='word_1_221' title='bbox 517 2476 593 2514; x_wconf 91' lang='lat' dir='ltr'>tuis</span> <span class='ocrx_word' id='word_1_222' title='bbox 623 2477 791 2526; x_wconf 90' lang='lat' dir='ltr'>pedibus</span> <span class='ocrx_word' id='word_1_223' title='bbox 821 2477 999 2523; x_wconf 89' lang='lat' dir='ltr'>subiecit,</span> <span class='ocrx_word' id='word_1_224' title='bbox 1031 2489 1208 2526; x_wconf 88' lang='lat' dir='ltr'>ouesque</span> <span class='ocrx_word' id='word_1_225' title='bbox 1236 2476 1455 2526; x_wconf 87' lang='lat' dir='ltr'>bouesque,</span> 
     </span>
     <span class='ocr_line' id='line_1_35' title="bbox 335 2540 1693 2591; baseline 0 -13"><span class='ocrx_word' id='word_1_226' title='bbox 335 2540 387 2578; x_wconf 91' lang='lat' dir='ltr'>Et</span> <span class='ocrx_word' id='word_1_227' title='bbox 415 2541 592 2580; x_wconf 90' lang='lat' dir='ltr'>volucres</span> <span class='ocrx_word' id='word_1_228' title='bbox 621 2541 695 2579; x_wconf 90' lang='lat' dir='ltr'>celi</span> <span class='ocrx_word' id='word_1_229' title='bbox 723 2541 1013 2591; x_wconf 84' lang='lat' dir='ltr'>pisciculosque</span> <span class='ocrx_word' id='word_1_230' title='bbox 1042 2541 1183 2580; x_wconf 86' lang='lat' dir='ltr'>maris:</span> <span class='ocrx_word' id='word_1_231' title='bbox 1627 2557 1693 2589; x_wconf 78' lang='lat'>570</span> 
     </span>
     <span class='ocr_line' id='line_1_36' title="bbox 337 2606 1284 2655; baseline 0.001 -13"><span class='ocrx_word' id='word_1_232' title='bbox 337 2606 412 2653; x_wconf 86' lang='lat' dir='ltr'>En,</span> <span class='ocrx_word' id='word_1_233' title='bbox 442 2606 638 2644; x_wconf 90' lang='lat' dir='ltr'>elementa</span> <span class='ocrx_word' id='word_1_234' title='bbox 664 2606 747 2654; x_wconf 91' lang='lat' dir='ltr'>tibi,</span> <span class='ocrx_word' id='word_1_235' title='bbox 779 2608 848 2654; x_wconf 90' lang='lat' dir='ltr'>sol,</span> <span class='ocrx_word' id='word_1_236' title='bbox 880 2620 957 2655; x_wconf 85' lang='lat' dir='ltr'>aer,</span> <span class='ocrx_word' id='word_1_237' title='bbox 988 2607 1126 2654; x_wconf 87' lang='lat' dir='ltr'>sidera,</span> <span class='ocrx_word' id='word_1_238' title='bbox 1157 2606 1284 2653; x_wconf 86' lang='lat' dir='ltr'>tellus,</span> 
     </span>
     <span class='ocr_line' id='line_1_37' title="bbox 340 2669 1298 2721; baseline 0.001 -13"><span class='ocrx_word' id='word_1_239' title='bbox 340 2669 485 2708; x_wconf 91' lang='lat' dir='ltr'>Diuitis</span> <span class='ocrx_word' id='word_1_240' title='bbox 514 2671 620 2709; x_wconf 88' lang='lat' dir='ltr'>vnda</span> <span class='ocrx_word' id='word_1_241' title='bbox 648 2672 776 2720; x_wconf 90' lang='lat' dir='ltr'>maris,</span> <span class='ocrx_word' id='word_1_242' title='bbox 807 2680 936 2710; x_wconf 88' lang='lat' dir='ltr'>cetera</span> <span class='ocrx_word' id='word_1_243' title='bbox 964 2684 1123 2721; x_wconf 89' lang='lat' dir='ltr'>queque</span> <span class='ocrx_word' id='word_1_244' title='bbox 1151 2672 1298 2709; x_wconf 87' lang='lat' dir='ltr'>fauent.</span> 
     </span>
     <span class='ocr_line' id='line_1_38' title="bbox 339 2735 1375 2783; baseline 0.002 -11"><span class='ocrx_word' id='word_1_245' title='bbox 339 2736 489 2773; x_wconf 91' lang='lat' dir='ltr'>Auctor</span> <span class='ocrx_word' id='word_1_246' title='bbox 517 2736 624 2773; x_wconf 88' lang='lat' dir='ltr'>enim</span> <span class='ocrx_word' id='word_1_247' title='bbox 652 2748 780 2774; x_wconf 90' lang='lat' dir='ltr'>rerum</span> <span class='ocrx_word' id='word_1_248' title='bbox 809 2737 865 2775; x_wconf 87' lang='lat' dir='ltr'>sic</span> <span class='ocrx_word' id='word_1_249' title='bbox 893 2750 954 2775; x_wconf 88' lang='lat' dir='ltr'>res</span> <span class='ocrx_word' id='word_1_250' title='bbox 983 2737 1168 2783; x_wconf 90' lang='lat' dir='ltr'>decreuit,</span> <span class='ocrx_word' id='word_1_251' title='bbox 1199 2743 1239 2774; x_wconf 92' lang='lat' dir='ltr'>vt</span> <span class='ocrx_word' id='word_1_252' title='bbox 1268 2735 1375 2775; x_wconf 90' lang='lat' dir='ltr'>orbis</span> 
     </span>
     <span class='ocr_line' id='line_1_39' title="bbox 341 2800 1195 2852; baseline 0.002 -15"><span class='ocrx_word' id='word_1_253' title='bbox 341 2800 512 2850; x_wconf 88' lang='lat' dir='ltr'>Queque</span> <span class='ocrx_word' id='word_1_254' title='bbox 539 2806 714 2839; x_wconf 87' lang='lat' dir='ltr'>creatura</span> <span class='ocrx_word' id='word_1_255' title='bbox 742 2809 1048 2852; x_wconf 88' lang='lat' dir='ltr'>consequeretur</span> <span class='ocrx_word' id='word_1_256' title='bbox 1076 2813 1195 2850; x_wconf 71' lang='lat' dir='ltr'>eum,</span> 
     </span>
    </p>
   </div>
   <div class='ocr_carea' id='block_1_6' title="bbox 790 2880 1137 2923">
    <p class='ocr_par' dir='ltr' id='par_1_23' title="bbox 790 2880 1137 2923">
     <span class='ocr_line' id='line_1_40' title="bbox 790 2880 1137 2923; baseline 0.003 -11"><span class='ocrx_word' id='word_1_257' title='bbox 790 2883 855 2921; x_wconf 83' lang='lat'>562</span> <span class='ocrx_word' id='word_1_258' title='bbox 880 2882 974 2923; x_wconf 87' lang='lat' dir='ltr'>sunt]</span> <span class='ocrx_word' id='word_1_259' title='bbox 993 2882 1062 2912; x_wconf 88' lang='lat' dir='ltr'>sint</span> <span class='ocrx_word' id='word_1_260' title='bbox 1078 2880 1137 2913; x_wconf 73' lang='grc' dir='ltr'>(ΣΕ</span> 
     </span>
    </p>
   </div>
   <div class='ocr_carea' id='block_1_7' title="bbox 3 0 78 2920">
    <p class='ocr_par' dir='ltr' id='par_1_24' title="bbox 3 0 78 2920">
     <span class='ocr_line' id='line_1_41' title="bbox 3 0 78 2920; baseline 0 0"><span class='ocrx_word' id='word_1_261' title='bbox 3 0 78 2920; x_wconf 95' lang='lat' dir='ltr'> </span> 
     </span>
    </p>
   </div>
  </div>
 </body>
</html>
