2095 3173
667 231 855 272 LIBER
894 231 1230 273 SECUNDUS

328 337 513 387 Cumque
542 337 668 376 malus
696 337 823 385 fuerit,
854 345 986 387 carpet
1015 345 1054 377 et
1083 338 1166 388 ipse
1195 339 1309 376 mala.

320 403 384 441 Sic
414 403 513 441 deus
542 415 590 441 ex
618 403 765 441 meritis
795 403 971 452 disponit
999 410 1178 453 tempora
1207 404 1361 451 nostris,

318 467 372 504 Vt
401 473 508 515 patet
537 468 737 516 exemplis,
769 468 800 505 si
829 468 1087 506 memoranda
1116 468 1222 518 legis.

318 532 494 581 Angelus
524 532 588 570 hic
617 545 756 570 cecum
788 533 967 582 Raphael
997 545 1134 572 sanare
1163 533 1335 572 Tobiam

323 597 470 634 Euolat
501 609 522 635 e
551 597 644 635 celis
674 609 822 646 pronus
852 598 892 634 in
921 596 1017 636 orbe
1046 598 1159 637 viris:

319 662 492 711 Imperio
522 662 613 700 iusti
642 668 846 712 nequeunt
875 661 1032 701 obstare
1067 663 1219 702 subacti

320 728 507 765 Tortores
537 726 690 774 baratri,
722 734 780 766 set
809 728 1049 766 famulantur
1078 729 1137 767 ei:

317 793 377 829 Ac
407 792 693 830 elementorum
723 792 884 830 celestia
913 805 1077 842 corpora
1107 793 1253 831 iustum

316 855 483 894 Subdita
512 856 599 894 iure
624 856 771 903 colunt,
803 863 842 894 et
871 869 942 894 sua
970 864 1061 895 vota
1090 858 1232 895 ferunt.

372 922 419 959 In
450 921 592 959 virtute
621 921 686 959 dei
715 922 872 971 sapiens
902 921 1173 960 dominabitur
1201 930 1314 970 astra,

315 986 499 1034 Totaque
529 986 785 1035 consequitur
811 986 870 1023 vis
900 986 1084 1024 orizontis
1114 998 1232 1026 eum:

316 1051 496 1090 Circulus
526 1057 564 1089 et
594 1051 725 1098 ciclus,
758 1052 887 1090 omnis
918 1063 1079 1100 quoque
1108 1064 1221 1101 spera
1251 1064 1434 1102 suprema

315 1115 398 1153 Sub
427 1115 530 1164 pede
559 1122 651 1153 sunt
679 1115 851 1153 hominis
881 1128 1001 1164 quem
1031 1115 1139 1153 iuuat
1169 1116 1252 1165 ipse
1281 1117 1391 1155 deus.

315 1181 381 1219 Sol
412 1181 518 1218 stetit
548 1181 588 1217 in
618 1179 788 1218 Gabaon
817 1180 921 1217 iusto
951 1182 1070 1218 Iosue
1100 1181 1306 1229 rogitante,

317 1246 404 1283 Nec
433 1251 585 1294 poterat
613 1256 766 1294 gressus
796 1244 1028 1282 continuare
1058 1257 1176 1289 suos;

315 1310 489 1359 Imperio
520 1311 640 1348 Iosue
668 1310 761 1348 solis
790 1315 875 1348 rota
904 1322 986 1348 non
1015 1310 1088 1347 fuit
1115 1323 1212 1348 ausa

314 1374 491 1422 Currere,
523 1381 582 1413 set
610 1387 746 1413 cursus
775 1375 908 1412 nescia
937 1375 1013 1412 fixa
1041 1376 1171 1414 stetit:

313 1439 433 1477 Stella
461 1439 623 1488 quidem
653 1446 790 1477 natum
818 1439 1004 1488 patefecit
1033 1440 1178 1478 nuncia
1207 1440 1392 1487 Cristum,

314 1505 407 1553 Quo
435 1516 575 1554 pacem
601 1505 712 1542 iustis
741 1505 914 1543 reddidit
942 1505 1026 1554 ipse
1055 1505 1166 1543 deus.

313 1569 482 1607 Aeream
510 1575 664 1618 pestem
693 1569 858 1619 legimus
888 1581 1127 1619 sanasseque
1155 1577 1336 1608 sanctum

314 1634 548 1684 Gregorium
579 1636 721 1682 Rome,
753 1633 1017 1673 subueniente
1046 1647 1172 1684 prece.

313 1699 460 1738 Diuisit
490 1701 652 1750 Moyses
681 1712 789 1738 mare
818 1701 923 1750 virga
952 1701 1213 1749 percuciente,

314 1764 408 1812 Quo
437 1772 589 1814 poterat
618 1766 789 1814 populus
817 1766 946 1803 siccus
976 1766 1073 1804 inire
1102 1766 1249 1814 pedes:

314 1827 443 1864 Firma
473 1827 572 1865 fides
602 1828 707 1865 Petri
737 1827 833 1865 dum
863 1828 968 1876 cepit
996 1828 1156 1865 credere
1186 1828 1304 1866 Cristi

314 1890 458 1938 Verba,
489 1892 592 1928 viam
622 1891 791 1940 pedibus
821 1890 976 1940 prebuit
1005 1892 1110 1929 vnda
1140 1892 1282 1930 maris:

314 1956 478 2005 Propter
508 1957 718 1994 Heliseum
748 1956 985 2005 limpharum
1015 1957 1164 2006 gurgite
1194 1969 1365 1995 mersum

315 2021 477 2059 Ferrum
507 2021 687 2059 transiliit
716 2021 886 2070 desuper
913 2028 1033 2071 atque
1062 2022 1174 2060 redit.

315 2087 437 2135 Ignea
467 2092 543 2125 tres
572 2099 716 2136 pueros
745 2087 883 2124 fornax
912 2087 1084 2136 suscepit
1116 2087 1314 2134 Hebreos,

313 2151 492 2189 Flamma
521 2158 579 2190 set
609 2152 727 2189 illesis
757 2151 858 2190 victa
887 2152 1061 2201 pepercit
1091 2152 1159 2190 eis.

313 2217 434 2254 Terra
463 2223 522 2254 set
552 2217 734 2265 Hillario,
766 2230 844 2266 que
873 2218 990 2266 plana
1020 2218 1092 2255 fuit
1120 2216 1238 2267 prius,
1269 2218 1375 2256 almo

316 2282 367 2320 Se
396 2283 512 2330 leuat,
545 2289 583 2321 et
613 2283 727 2321 sedes
757 2283 835 2321 alta
863 2283 1011 2332 recepit
1041 2295 1156 2321 eum:

313 2348 373 2384 Ex
402 2347 510 2386 duris
541 2349 684 2397 Moyse
713 2348 814 2386 saxis
844 2348 1074 2397 heremique
1103 2347 1266 2386 iubente

313 2413 421 2449 Dum
451 2413 594 2451 saliunt
623 2413 776 2459 fluctus,
802 2425 898 2462 gens
926 2412 1028 2451 bibit
1055 2420 1174 2462 atque
1204 2425 1348 2461 pecus:

312 2478 474 2515 Montes
503 2490 569 2516 rex
600 2479 816 2517 Macedum
846 2479 996 2517 diuisos
1025 2478 1314 2524 consolidauit3

313 2543 372 2579 Ex
401 2542 582 2591 precibus
612 2543 722 2581 iustis
752 2544 807 2581 sic
837 2544 948 2582 dedit
978 2555 1063 2581 esse
1092 2543 1204 2581 deus.

367 2607 509 2646 Omnis
538 2609 577 2645 in
607 2607 703 2647 orbe
732 2609 811 2647 fera
840 2609 931 2646 iusti
959 2609 1100 2646 virtute
1130 2607 1292 2645 subacta

312 2672 395 2717 Est,
428 2672 547 2709 draco
576 2673 712 2722 sicque
741 2674 815 2719 leo,
847 2685 946 2723 quos
976 2672 1049 2710 sibi
1080 2672 1213 2709 subdit
1242 2672 1388 2709 homo:

314 2738 499 2785 Namque
529 2749 596 2786 per
624 2738 701 2776 hoc
730 2739 876 2776 iustum
907 2738 1018 2776 nouit
1048 2737 1217 2775 Babilon
1249 2737 1471 2783 Danielem,

314 2802 524 2851 Romaque
553 2802 784 2840 Siluestrum
813 2810 986 2841 senserat
1016 2814 1102 2840 esse
1131 2814 1295 2840 sacrum.

509 2892 573 2923 239
596 2881 648 2912 No
659 2887 798 2925 paragr.
814 2883 884 2914 here
902 2882 958 2914 CE
1107 2882 1171 2912 266
1194 2881 1319 2912 dracho
1337 2881 1363 2913 C

1629 249 1678 286 91

1616 357 1679 388 230

1614 1005 1677 1035 ²40

1612 1653 1675 1683 250

1613 2290 1677 2321 260
