2121 3173
635 229 747 270 EST
785 229 966 271 AMOR
1011 243 1103 271 ETc.

243 338 392 375 Arcum
421 334 626 386 preuideat
654 336 759 374 vnde
788 334 928 385 sagitta
955 336 1071 373 volat.

244 402 388 439 Nullus
416 400 468 439 ab
497 400 633 438 innato
662 401 765 439 valet
794 401 871 438 hoc
901 401 1070 439 euadere
1100 399 1251 447 morbo,

244 465 301 504 Sit
330 465 405 504 nisi
433 466 544 516 quod
573 466 656 503 sola
684 463 814 515 gracia
842 471 951 503 curet
981 477 1084 503 eum.

527 611 606 649 Τίτε
637 611 722 649 MS.
754 611 826 648 has
854 611 940 648 ltere
969 611 1043 648 lost
1069 624 1093 648 a
1122 610 1210 660 leaf.

1526 244 1606 283 359

184 805 362 841 Carmen
404 805 513 850 quod
553 805 768 841 Iohannes
818 806 970 842 Gower
1019 815 1145 850 super
1189 806 1348 841 amoris
1391 806 1608 851 multiplici

136 864 452 906 varietate,sub
478 864 721 909 compendio
746 864 919 900 metrice
944 864 1190 909 composuit.

362 956 408 983 ST
436 958 548 983 amor
575 944 616 983 in
645 946 755 995 glosa
783 958 859 995 pax
888 944 1039 991 bellica,
1071 943 1117 982 lis
1148 943 1311 994 pietosa‚

388 1009 514 1048 Accio
542 1011 704 1058 famosa,
736 1023 834 1060 vaga
862 1022 956 1057 sors,
987 1008 1044 1047 vis
1073 1008 1295 1059 imperiosa,

245 1076 384 1125 Pugna
412 1075 602 1126 quietosa,
632 1074 795 1113 victoria
822 1074 1053 1125 perniciosa,

246 1141 400 1190 Regula
428 1140 591 1187 viscosa,
623 1142 730 1179 scola
759 1139 886 1187 deuia,
918 1141 979 1178 lex
1008 1139 1193 1190 capitosa,

245 1206 351 1245 Cura
379 1207 603 1253 molestosa‚
634 1205 761 1256 grauis
790 1218 862 1253 ars,
893 1204 1014 1244 virtus
1042 1204 1199 1252 viciosa‚

247 1270 382 1309 Gloria
410 1271 642 1321 dampnosa,
674 1272 772 1309 flens
801 1270 899 1309 risus
929 1278 968 1309 et
996 1270 1052 1308 ira
1080 1269 1224 1317 iocosa,

247 1337 366 1374 Musa
395 1337 589 1383 dolorosa,
621 1349 726 1374 mors
755 1337 843 1383 leta,
875 1334 993 1374 febris
1019 1334 1206 1385 preciosa,

247 1402 350 1439 Esca
377 1414 586 1448 venenosa,
619 1402 669 1439 fel
699 1402 826 1448 dulce,
858 1402 981 1439 fames
1010 1400 1199 1447 animosa,

246 1465 348 1504 Vitis
376 1473 545 1513 acetosa,
578 1465 660 1504 sitis
689 1466 807 1513 ebria,
840 1479 952 1504 mens
982 1465 1138 1512 furiosa,

246 1532 425 1569 Flamma
453 1530 650 1581 pruinosa,
682 1544 761 1569 nox
789 1532 902 1577 clara,
934 1529 1020 1569 dies
1049 1529 1270 1577 tenebrosa,

247 1597 328 1634 Res
358 1595 587 1646 dedignosa‚
619 1595 773 1634 socialis
802 1603 841 1634 et
869 1595 1097 1642 ambiciosa,

246 1662 421 1708 Garrula,
452 1661 629 1708 verbosa,
661 1668 820 1708 secreta,
852 1661 981 1708 silens,
1013 1659 1200 1708 studiosa,

247 1727 397 1765 Fabula
425 1727 608 1773 formosa,
638 1726 838 1776 sapiencia
865 1725 1106 1776 prestigiosa,

247 1792 379 1831 Causa
407 1790 576 1838 ruinosa,
607 1798 692 1829 rota
720 1804 840 1837 versa,
872 1790 983 1840 quies
1012 1802 1189 1840 operosa,

246 1855 422 1893 Vrticata
449 1868 548 1902 rosa,
580 1868 668 1905 spes
698 1856 816 1893 stulta
844 1856 1023 1905 fidesque
1051 1856 1200 1893 dolosa.

303 1922 474 1970 Magnus
503 1919 543 1957 in
574 1919 721 1970 exiguis
750 1919 918 1958 variatus
947 1927 987 1958 vt
1016 1926 1074 1958 est
1103 1918 1174 1957 tibi
1204 1919 1362 1966 clamor,

249 1985 366 2023 Fixus
396 1984 436 2022 in
464 1984 659 2035 ambiguis
688 1984 862 2023 motibus
892 1992 992 2023 errat
1019 1997 1140 2023 amor.

250 2051 423 2088 Instruat
450 2049 585 2088 audita
613 2049 685 2087 tibi
713 2049 838 2089 leccio
867 2049 922 2088 sic
951 2049 1115 2100 repetita
1130 2064 1141 2098 3

250 2116 372 2162 Mors,
403 2128 514 2153 amor
542 2122 581 2153 et
609 2114 688 2153 vita
716 2114 997 2166 participantur
1024 2114 1087 2153 ita.

306 2232 387 2269 Lex
416 2232 534 2270 docet
562 2237 768 2268 auctorum
798 2232 908 2280 quod
937 2230 1009 2269 iter
1038 2231 1193 2268 carnale
1223 2230 1419 2269 bonorum

251 2295 400 2334 Tucius
430 2302 499 2342 est,
531 2308 701 2345 quorum
731 2302 822 2334 sunt
851 2296 984 2334 federa
1013 2294 1312 2345 coniugiorum:

252 2360 409 2408 Fragrat
436 2365 477 2396 vt
505 2365 680 2397 ortorum
709 2371 797 2396 rosa
825 2359 912 2408 plus
941 2371 1061 2407 quam
1090 2371 1252 2407 germen
1279 2370 1471 2407 agrorum,

252 2424 363 2462 Ordo
391 2422 619 2461 maritorum
649 2430 768 2473 caput
797 2430 855 2461 est
884 2430 922 2461 et
952 2422 1040 2460 finis
1068 2435 1259 2460 amorum.

253 2490 344 2527 Hec
374 2495 432 2527 est
461 2495 674 2538 nuptorum
705 2487 831 2526 carnis
861 2487 973 2538 quasi
1002 2489 1134 2537 regula
1163 2500 1328 2534 morum,

253 2555 344 2602 Que
373 2554 652 2592 saluandorum
681 2560 853 2592 sacratur
880 2552 921 2590 in
950 2552 1046 2590 orbe
1073 2551 1256 2590 virorum.

254 2617 364 2656 Hinc
392 2624 503 2656 vetus
531 2631 726 2656 annorum
757 2619 897 2656 Gower
926 2618 1000 2656 sub
1029 2631 1098 2667 spe
1127 2617 1356 2656 meritorum

254 2682 406 2722 Ordine
435 2695 671 2732 sponsorum
691 2689 798 2721 tutus
826 2681 976 2721 adhibo
1006 2683 1175 2720 thorum.

239 2774 317 2805 Text
328 2774 369 2813 of
377 2773 413 2811 S,
431 2772 565 2804 collated
577 2773 650 2804 with
671 2773 696 2804 F
740 2774 801 2806 See
815 2774 886 2805 also
898 2773 963 2806 vol.
982 2774 1002 2806 i.
1022 2784 1054 2814 p.
1072 2784 1136 2814 392

239 2826 318 2857 Title
339 2824 486 2856 Carmen
505 2825 546 2856 de
562 2825 663 2858 variis
678 2825 713 2857 in
730 2836 847 2858 amore
862 2825 1079 2867 passionibus
1093 2826 1247 2858 breuiter
1263 2826 1479 2867 compilatum
1498 2825 1523 2857 F

234 2887 274 2910 10
295 2877 478 2909 tenobrosa
494 2876 518 2909 S

1572 1544 1610 1565 10
