2095 3173
664 223 853 263 LIBER
896 223 1136 264 PRIMUS
1576 239 1631 277 49

272 329 385 377 Sunt,
416 329 482 368 vbi
511 329 759 379 perueniunt,
789 328 987 378 prodolor,
1018 329 1200 378 heuque!
1239 341 1364 379 pares.

271 395 389 432 Tunc
418 395 534 433 simul
563 394 768 433 vnanimes
797 395 914 443 lupus
943 401 981 432 et
1009 395 1118 433 canis
1149 407 1258 433 vrsus
1287 395 1328 432 in
1357 393 1452 434 vrbe

273 459 516 508 Depredant,
548 472 626 509 que
655 472 745 498 suas
774 459 1015 498 constituere
1044 472 1185 498 moras.
1565 465 1631 509 960

274 524 380 562 Ecce
409 536 545 563 senem
576 525 728 572 Calcas,
759 525 871 562 cuius
901 525 1100 574 sapiencia
1129 525 1254 563 maior

271 588 471 627 Omnibus
501 596 570 636 est,
603 590 755 627 nullum
785 596 880 627 tune
909 590 1086 639 sapuisse
1115 590 1305 629 modum:

271 654 481 692 Anthenor
510 666 557 691 ex
585 654 709 703 pactis
738 665 983 702 componere
1012 654 1145 693 federa
1174 655 1282 704 pacis

270 720 388 757 Tunc
417 719 565 768 nequit,
597 719 721 758 immo
750 719 857 758 furor
885 732 1006 758 omne
1035 720 1195 758 resoluit
1225 732 1348 769 opus:

270 785 308 822 A
336 784 505 823 vecorde
534 784 705 833 probum
734 797 815 823 non
844 792 940 823 tunc
969 785 1162 823 distancia
1190 785 1314 833 nouit,

271 850 334 887 Fit
362 861 430 888 cor
459 850 621 888 Tersitis
651 857 689 888 et
720 850 932 889 Diomedis
961 850 1092 888 idem:

273 914 426 964 Lingue
454 915 676 964 composite
704 915 833 954 verbis
863 916 917 953 nil
946 915 1079 954 rethor
1107 916 1255 953 Vluxes

270 980 388 1018 Tunc
417 980 548 1027 valuit,
580 992 654 1018 nec
683 981 718 1019 ei
748 993 877 1019 sermo
907 980 1046 1019 beatus
1075 987 1180 1019 erat:

271 1046 324 1083 Et
353 1046 543 1095 quoniam
572 1045 690 1084 tantis
718 1045 843 1083 fatum
872 1046 1082 1084 conatibus
1111 1046 1256 1092 obstat,

270 1110 453 1160 Quisque
481 1123 551 1148 sua
580 1111 674 1148 sorti
702 1110 812 1148 frena
840 1111 984 1149 relaxat
1013 1111 1147 1148 homo.
1564 1121 1631 1158 970

268 1176 386 1213 Tunc
414 1187 549 1224 neque
578 1174 682 1213 bella
711 1175 859 1222 iuuant,
891 1188 965 1214 nec
993 1175 1082 1222 tela,
1113 1186 1188 1213 nec
1216 1187 1309 1212 vsus
1337 1186 1542 1225 equorum,

271 1241 358 1279 Nec
387 1240 562 1290 probitas
591 1240 733 1278 veteris
763 1241 860 1290 quid
890 1239 1097 1290 probitatis
1127 1238 1270 1279 habet:

270 1307 324 1345 Vt
352 1306 522 1343 lactante
551 1306 642 1343 furit
671 1306 803 1344 catulo
832 1306 985 1356 priuata
1015 1306 1160 1352 Leena,

271 1372 323 1409 Et
351 1371 428 1408 ruit
456 1370 496 1408 in
526 1383 670 1420 pecora
698 1371 936 1421 proximiora
963 1371 1051 1418 sibi,

269 1437 335 1475 Sic
364 1437 445 1474 fera
473 1436 668 1474 rusticitas
698 1437 790 1475 iuris
819 1437 971 1486 priuata
1001 1437 1126 1475 salute

271 1502 388 1540 Irruit
417 1501 458 1539 in
487 1514 669 1551 proceres
699 1501 750 1540 de
780 1502 932 1540 feritate
962 1502 1098 1552 magis.

269 1566 468 1605 Omnibus
498 1573 557 1605 est
585 1580 699 1605 casus
728 1567 964 1614 communis,
997 1579 1079 1605 non
1108 1573 1243 1605 tamen
1272 1579 1394 1605 vnum

271 1632 473 1671 Omnibus
502 1632 679 1670 attribuit
708 1646 784 1671 vna
813 1633 926 1670 ruina
955 1633 1100 1671 locum.

324 1697 361 1736 O
391 1698 630 1736 denaturans
659 1697 764 1736 vrbis
794 1704 931 1736 natura
960 1698 1111 1747 prioris,

271 1763 363 1810 Que
391 1763 496 1812 vulgi
525 1763 643 1801 furias
672 1775 780 1801 arma
809 1775 972 1802 mouere
1001 1763 1121 1801 sinis!
1566 1769 1631 1810 980

271 1827 308 1866 O
338 1840 458 1877 quam
487 1828 712 1877 retrograda
741 1839 801 1866 res
831 1834 901 1875 est,
933 1828 1043 1876 quod
1072 1827 1185 1865 miles
1214 1827 1375 1865 inermis

271 1893 455 1941 Expauit,
487 1904 564 1942 que
593 1893 700 1930 ferus
728 1893 867 1942 vulgus
896 1892 947 1930 ad
977 1905 1085 1930 arma
1114 1894 1249 1930 vacat!

272 1957 399 1995 Prelia
427 1956 670 2002 Thebarum,
703 1957 934 2007 Cartaginis,
965 1957 1111 2006 illaque
1141 1958 1273 1996 Rome

271 2022 365 2061 Non
394 2022 549 2060 fuerant
578 2022 661 2059 istis
691 2022 808 2071 plena
836 2022 966 2060 furore
996 2022 1132 2072 magis.

271 2086 365 2125 Non
395 2087 459 2125 hic
489 2085 701 2136 Capaneus
731 2087 863 2134 valuit,
895 2099 969 2125 nec
998 2093 1037 2124 et
1067 2087 1131 2124 ille
1160 2086 1322 2133 Tide'us‚

272 2153 367 2191 Non
396 2152 488 2190 facit
517 2165 702 2190 excursus
731 2153 804 2191 iste
833 2153 894 2191 vel
924 2153 988 2190 ille
1017 2152 1147 2191 ferox:

271 2218 366 2256 Non
395 2217 460 2255 hic
489 2218 721 2256 Palamades
751 2224 918 2267 superat,
950 2230 1081 2267 neque
1110 2216 1255 2256 nobilis
1284 2217 1394 2264 Aiax,

272 2283 360 2321 Nec
388 2283 562 2332 regimen
590 2283 744 2333 gladius
774 2283 1063 2333 Agamenontis
1093 2282 1223 2321 habet.

271 2347 439 2386 Subdita
468 2347 641 2385 Troiana
670 2347 814 2386 cecidit
843 2348 1006 2386 victoria
1033 2348 1147 2395 victa,

272 2413 473 2461 Troiaque
501 2413 624 2462 preda
653 2412 735 2451 fero
765 2413 808 2450 fit
836 2413 943 2450 velut
972 2425 1072 2462 agna
1102 2413 1207 2461 lupo.
1565 2428 1632 2460 990

273 2478 462 2515 Rusticus
491 2478 699 2527 agreditur,
730 2478 843 2516 miles
873 2490 948 2516 nec
976 2478 1016 2515 in
1046 2477 1141 2516 vrbe
1170 2477 1323 2524 resistit,

274 2543 454 2581 Hectore
481 2543 601 2581 Troia
630 2549 750 2591 caret,
777 2544 905 2592 Argos
934 2543 1090 2581 Achille
1119 2555 1217 2580 suo:

274 2608 462 2645 Hectoris
491 2614 558 2645 aut
587 2608 710 2646 Troili
739 2608 794 2645 nil
823 2614 919 2646 tunc
947 2608 1113 2646 audacia
1142 2607 1243 2652 vicit,

274 2673 384 2721 Quin
414 2673 537 2722 magis
566 2673 620 2710 hii
649 2673 740 2711 victi
770 2685 853 2711 rem
883 2673 968 2712 sine
997 2672 1117 2710 corde
1147 2672 1281 2710 sinunt
1296 2686 1306 2720 3

273 2738 361 2777 Nec
390 2738 506 2776 solito
536 2738 713 2776 Priamus
742 2739 849 2776 fulsit
879 2745 975 2776 tunc
1004 2737 1102 2776 liber
1130 2737 1296 2785 honore,

0 3025 8 3039 v

18 3030 29 3168 -ᾼῇἢῶ-

208 2825 273 2863 967
296 2829 391 2856 retor
402 2824 532 2855 CEHG
649 2835 715 2865 979
737 2825 829 2856 vrbis
843 2824 868 2856 S
914 2824 1005 2856 orbis
1017 2824 1148 2856 CEHD
1266 2824 1327 2865 981
1351 2834 1417 2855 om.
1436 2824 1467 2855 D
1481 2824 1629 2865 (margin

167 2876 282 2908 deficit
294 2886 411 2908 versus
426 2876 461 2907 in
478 2876 589 2918 copia)
725 2881 817 2908 retro
833 2878 939 2916 grada
954 2877 982 2908 C

223 2931 242 2953 *
249 2931 268 2953 *
275 2932 293 2953 *
301 2932 319 2952 ac
883 2944 908 2970 E
