2121 3173
486 239 569 279 324

159 342 227 364 non
235 337 426 372 acceptans,
438 342 480 362 ex
495 342 569 370 pro-

157 378 232 416 pria
277 375 408 407 malicia
458 376 568 415 ipsum

159 419 291 451 mortali
395 419 569 451 sentencia

157 465 386 503 dampnatum,
397 464 430 493 in
440 463 567 503 impetu

156 508 282 538 suroris
305 507 394 547 apud
419 512 569 537 montem

153 551 272 582 Turris
319 551 570 582 Londoniarum

155 595 315 626 decollari
371 594 463 632 fecit,
513 594 568 623 vbi

154 639 276 670 fratres
292 636 568 677 Augustinenses

156 692 280 722 corpus
297 692 372 713 cum
386 681 496 721 capite
517 691 569 711 se-

156 737 232 757 cum
254 726 296 757 ad
321 736 438 756 eorum
464 725 569 755 eccle-

155 768 570 809 siamcumpsalmisdefe-

157 819 273 844 rentes
285 814 319 844 in
334 814 407 843 loco
419 821 567 851 congruo

158 858 282 888 deuote
299 855 517 897 sepelierunt.

201 2097 357 2137 Qualiter
380 2098 505 2129 Comes
526 2098 568 2128 de

157 2142 338 2182 VVarwyk,
388 2153 432 2172 ex
478 2142 568 2181 regis

157 2186 346 2217 collusione
359 2186 568 2216 circumven-

155 2234 225 2267 tus,
242 2229 274 2259 in
293 2230 515 2268 parliamento
532 2239 570 2259 se

155 2273 355 2312 culpabilem
369 2273 570 2313 recognouit‚

157 2317 570 2356 speransperhoccertis-

155 2361 274 2391 simam
304 2360 394 2400 regis
422 2360 567 2399 veniam,

156 2409 192 2434 vt
208 2404 272 2434 sibi
298 2404 565 2443 promittebatur.

158 2447 378 2478 infallibiliter
395 2458 569 2487 promeru-

158 2492 236 2522 isse.
266 2491 347 2531 ¹Set
379 2501 439 2521 rex
478 2491 568 2521 omni

157 2534 289 2565 fallacie
302 2535 494 2575 intendens,
513 2535 569 2574 qui

157 2589 220 2618 per
255 2579 356 2609 talem
395 2578 570 2617 recogni-

159 2621 291 2652 cionem
316 2622 400 2652 alios
424 2622 466 2652 de
491 2632 571 2661 que-

158 2665 574 2704 relaconvicisseputauit‚

159 2710 251 2741 dicto
269 2708 394 2740 Comiti
412 2709 497 2739 mala
510 2718 574 2747 pro

158 2753 257 2783 bonis
283 2752 489 2791 retribuens,
522 2753 571 2791 ip-

157 2807 231 2827 sum
255 2807 316 2835 pro
338 2795 495 2826 mercede
512 2806 568 2825 ex-

159 2841 355 2871 heredatum
389 2840 423 2869 in
455 2844 570 2879 partes

973 223 1253 265 CRONICA
1281 222 1668 263 TRIPERTITA

699 331 815 368 Heu!
855 329 971 367 nimis
1000 329 1150 379 ingrata
1178 336 1273 366 tunc
1303 335 1362 366 est
1390 327 1592 366 sentencia
1620 329 1709 374 lata,

698 395 882 441 Horrida,
915 392 1100 440 mortalis,
1132 392 1225 443 quia
1252 405 1355 442 pena
1384 392 1456 430 fuit
1485 391 1672 442 capitalis.

698 461 770 497 Per
799 460 896 505 loca,
927 472 998 509 per
1025 457 1132 496 vicos
1162 458 1305 496 ductus
1333 457 1502 507 respexit
1529 457 1690 503 amicos,

697 524 777 573 Qui
806 523 929 574 magis
959 525 1114 562 occulta
1142 524 1334 562 dederant
1363 522 1528 573 suspiria
1556 524 1703 561 multa:

695 589 884 640 Vndique
912 597 1007 628 ωηο
1036 589 1184 628 flebant
1213 588 1281 639 qui
1310 588 1401 627 talia
1430 589 1509 626 fata
1536 588 1736 636 videbant,

697 656 801 695 Cum
830 669 946 705 prece
976 656 1122 694 deuota
1149 654 1338 693 facientes
1366 653 1534 704 plurima
1562 662 1664 692 vota.

697 722 797 759 Sunt
827 728 865 759 et
893 722 1050 759 fallaces
1079 719 1156 768 alii,
1186 733 1258 770 pro
1287 733 1377 770 rege
1405 733 1595 771 sequaces

697 785 778 834 Qui
807 785 970 824 veniunt
999 785 1163 836 equites,
1194 799 1326 835 neque
1354 784 1444 824 iusti
1474 793 1532 823 set
1561 799 1692 835 neque
1721 784 1865 832 mites;
1991 801 2054 831 140

697 851 769 889 Hii
798 865 942 902 penam
971 853 1090 890 talem
1118 852 1365 902 proclamant
1393 859 1488 890 tunc
1517 851 1737 902 capitalem,

696 918 761 956 Ad
791 919 878 956 loca
906 917 1137 967 signataque
1166 915 1304 955 iubent
1333 918 1546 967 procedere
1575 918 1664 955 fata.

695 984 811 1021 Tunc
841 983 988 1022 Comes
1017 982 1068 1021 ad
1099 981 1272 1021 Cristum
1302 994 1526 1020 sermonem
1555 981 1704 1020 dixerat
1732 981 1879 1020 istum:

699 1050 708 1067 ⁴
725 1046 872 1086 Omnia
901 1055 943 1085 tu
973 1046 1101 1085 nosti:
1141 1045 1294 1093 moriar,
1326 1045 1419 1096 quia
1447 1045 1502 1085 sic
1531 1048 1660 1096 placet
1689 1046 1822 1092 hosti;

698 1112 894 1151 Hostibus
924 1121 1084 1151 exactus
1113 1111 1233 1163 perio,
1265 1111 1349 1150 sine
1378 1110 1460 1150 iure
1490 1111 1705 1159 subactus3

698 1177 879 1216 Inmunis
909 1191 1040 1228 pergo,
1073 1177 1256 1215 miserere
1285 1176 1418 1224 michi,
1450 1189 1598 1227 precor,
1630 1177 1746 1227 ergo!

698 1242 890 1294 Expansis
919 1241 1060 1292 palmis
1090 1255 1168 1292 que
1197 1241 1430 1280 sonantibus
1460 1240 1636 1291 Vndique
1664 1240 1836 1292 psalmis,

697 1308 760 1347 Sic
790 1308 934 1358 patitur
962 1309 1136 1355 tandem,
1167 1320 1393 1357 penamque
1422 1306 1615 1345 subintrat
1644 1307 1840 1345 eandem:

698 1373 806 1423 Quin
836 1382 954 1424 caput
982 1373 1126 1411 amittit
1155 1372 1229 1411 sibi
1258 1371 1387 1423 gracia
1415 1373 1523 1410 nulla
1551 1372 1723 1419 remittit,

700 1439 812 1477 Milia
840 1453 920 1489 quo
951 1440 1125 1478 Centum
1154 1437 1398 1477 maledicunt
1427 1437 1740 1488 parliamentum.
1993 1452 2055 1485 150

697 1504 851 1554 Corpus
879 1505 931 1542 ad
960 1504 1039 1541 ima
1068 1503 1184 1551 cadit,
1216 1504 1313 1541 dum
1342 1504 1474 1541 saluus
1503 1504 1554 1542 ad
1584 1504 1718 1542 ethera
1746 1502 1853 1542 vadit

694 1569 859 1619 Spiritus
890 1568 930 1607 in
959 1568 1063 1615 celis,
1094 1568 1161 1607 vbi
1190 1568 1287 1606 viuit
1316 1581 1450 1606 amore
1480 1568 1630 1607 fidelis:

695 1634 1008 1685 Augustinenses
1037 1635 1172 1672 fratres
1202 1641 1296 1672 tunc
1326 1633 1630 1672 Londonienses

697 1701 820 1738 Hunc
850 1700 973 1750 magis
1002 1701 1204 1746 extollunt,
1237 1712 1314 1749 que
1344 1706 1462 1749 caput
1491 1713 1583 1737 cum
1612 1712 1776 1749 corpore
1805 1700 1948 1738 tollunt
1964 1715 1973 1747 ;

696 1765 772 1803 Vix
801 1774 934 1803 tamen
963 1765 1165 1803 audebant
1193 1765 1270 1802 hoc
1299 1777 1447 1814 ponere
1476 1777 1557 1814 quo
1585 1764 1810 1815 cupiebant,

696 1831 762 1868 Set
792 1829 914 1880 magis
944 1831 1144 1868 occultum
1174 1830 1354 1867 condunt
1383 1842 1454 1879 pro
1483 1842 1572 1879 rege
1601 1831 1810 1879 sepultum.

699 1897 777 1933 Det
806 1897 904 1934 deus
934 1896 1021 1933 hoc>
1041 1894 1140 1942 sciri,
1173 1894 1316 1944 poterit
1346 1896 1455 1944 quod
1483 1895 1615 1933 adhuc
1645 1894 1810 1945 sepeliri,

699 1961 794 1999 Eius
823 1968 861 1999 et
890 1961 1055 1999 heredes
1084 1959 1260 2010 proprias
1288 1960 1462 1998 habeant
1491 1959 1565 1998 sibi
1594 1961 1719 1999 sedes.

753 2028 839 2064 Iam
869 2027 1062 2064 refrenato
1091 2025 1282 2064 violenter
1312 2027 1428 2075 Equo
1458 2038 1535 2075 que
1564 2033 1736 2075 granato,

699 2091 845 2128 Vrsum
875 2090 1104 2140 querebant,
1137 2103 1256 2140 quem
1286 2097 1382 2128 tunc
1409 2090 1554 2140 agitare
1584 2091 1769 2129 volebant
1784 2105 1795 2137 3
1994 2096 2056 2128 160

697 2154 954 2204 Pestiferique
984 2168 1102 2193 canes
1132 2155 1297 2193 aderant
1326 2162 1421 2193 ωηο
1450 2155 1549 2205 regis
1578 2155 1727 2202 inanes,

696 2219 885 2269 Vndique
914 2221 1093 2257 latrando
1123 2233 1263 2269 pacem
1292 2233 1366 2258 nec
1395 2220 1544 2258 habent
1573 2219 1798 2270 aliquando.

697 2285 761 2323 Ad
790 2286 892 2323 latus
920 2298 1039 2323 omne
1068 2292 1208 2331 terunt,
1241 2293 1299 2322 set
1328 2286 1379 2323 ad
1409 2286 1485 2323 hoc
1515 2286 1624 2335 quod
1653 2286 1740 2335 plus
1770 2293 1982 2335 potuerunt

697 2351 791 2388 Non
821 2349 943 2400 magis
972 2349 1151 2396 attendit,
1184 2349 1279 2399 quin
1309 2363 1375 2388 rex
1403 2363 1473 2388 sua
1502 2349 1605 2388 recia
1634 2350 1771 2388 tendit.

697 2416 760 2454 O!
799 2428 919 2465 quam
949 2414 1102 2453 subtilis
1131 2414 1251 2453 oritur
1280 2422 1374 2453 tunc
1403 2415 1506 2452 fraus
1536 2414 1729 2462 iuuenilis,

698 2482 771 2519 Per
800 2494 920 2530 quam
950 2488 1044 2518 tunc
1074 2481 1251 2518 fraudem
1281 2479 1418 2529 nequit
1448 2481 1484 2516 V
1487 2493 1570 2518 rsus
1600 2494 1758 2531 carpere
1787 2481 1956 2519 laudem.

699 2547 793 2584 Hoc
822 2559 887 2584 rex
916 2553 1088 2592 testatur,
1120 2546 1242 2583 Vrsus
1273 2545 1381 2594 quod
1411 2544 1443 2582 si
1471 2546 1637 2584 fateatur

701 2611 823 2659 Quod
852 2623 939 2648 reus
968 2610 1117 2656 existat,
1147 2623 1222 2648 nec
1249 2610 1301 2648 ad
1330 2609 1394 2647 illa
1422 2611 1541 2648 relata
1569 2610 1731 2658 resistat,

703 2678 789 2714 Rex
817 2675 892 2714 sibi
920 2674 1108 2725 prestabit
1135 2674 1302 2720 veniam,
1334 2688 1412 2724 qua
1440 2675 1547 2713 curia
1575 2676 1704 2722 stabit,

704 2743 753 2779 Et
782 2740 837 2779 sic
867 2739 1045 2778 transibit
1074 2739 1158 2778 sine
1188 2747 1393 2789 morteque
1422 2740 1519 2778 liber
1546 2740 1671 2779 abibit
1687 2755 1697 2788 ;
1997 2755 2057 2788 170

701 2806 820 2856 Sique
850 2813 1105 2855 recognoscat
1134 2804 1254 2851 aliter,
1287 2804 1361 2843 sibi
1392 2805 1553 2855 iuraque
1583 2813 1730 2855 poscat,

874 2884 936 2913 160
954 2883 1087 2923 maigin
1105 2881 1295 2921 Warewyk
1313 2881 1376 2912 CH
1514 2883 1573 2921 167
1592 2882 1728 2913 satiatur
1745 2882 1771 2913 C
