2095 3173
406 211 482 249 174
875 197 1003 238 VOX
1044 195 1402 237 CLAMANTIS

513 305 654 352 Debet,
686 313 726 343 tu
756 304 830 343 nisi
861 304 922 350 sis,
955 305 1065 350 ordo,
1093 316 1271 341 reuersus
1301 303 1366 341 eis.

512 370 550 409 Si
581 371 695 409 fuerit
725 370 852 420 piscis,
885 369 952 419 qui
981 368 1210 419 postpositis
1240 368 1356 407 maris
1386 368 1503 407 undis

512 438 662 474 Pascua
692 437 742 474 de
772 443 872 473 terra
900 441 1037 484 querat
1066 433 1212 472 habere
1242 447 1321 481 sua,

512 503 582 539 Est
611 501 728 538 nimis
758 499 1016 550 improprium
1045 498 1163 549 piscis
1193 498 1267 536 sibi
1296 512 1443 550 ponere
1473 512 1631 546 nomen,

513 566 654 604 Debeo
684 573 742 604 set
772 564 936 603 monstri
965 578 1112 615 ponere
1142 578 1289 603 nomen
1319 565 1366 604 ei.

511 631 574 670 Sic
605 645 678 681 ego
707 630 902 669 claustrali
933 630 1074 678 dicam,
1107 630 1173 680 qui
1203 630 1347 681 gaudia
1376 629 1516 670 mundi

511 696 674 747 Appetit
704 704 742 734 et
771 697 983 734 claustrum
1014 695 1157 734 deserit
1186 695 1280 734 inde
1309 709 1436 743 suum,

511 763 605 800 Non
634 761 705 800 erit
733 760 798 799 hic
827 762 1047 799 monachus
1077 768 1136 799 set
1164 769 1343 811 apostata
1371 760 1453 799 iure
1482 761 1697 807 vocandus,

509 828 592 865 Aut
621 833 842 865 monstrum
872 825 1009 876 templi
1039 827 1148 876 quod
1177 833 1289 864 notat
1318 826 1373 865 ira
1402 826 1477 865 dei.
1811 841 1875 874 290

511 891 591 940 Qui
620 899 753 930 tamen
783 891 823 929 in
853 893 1022 930 claustro
1052 891 1235 938 resident,
1267 898 1306 929 et
1336 899 1468 930 mente
1497 898 1683 941 vagantes

511 956 746 1007 Respiciunt
775 958 971 995 mundum
1000 956 1130 995 cordis
1158 970 1292 995 amore
1321 970 1440 1004 nouo,

512 1024 560 1060 In
589 1022 674 1061 visu
703 1021 856 1061 domini
886 1023 981 1060 tales
1012 1021 1246 1072 trangressio
1275 1023 1394 1069 fedat,

511 1089 604 1137 Quo
633 1089 804 1138 perdunt
833 1087 991 1126 claustri
1020 1087 1171 1137 premia
1199 1087 1319 1137 digna
1348 1086 1418 1125 sui.

511 1155 605 1191 Non
635 1161 693 1191 est
722 1152 787 1191 hic
816 1152 971 1203 sapiens
1002 1152 1076 1191 sibi
1106 1152 1173 1203 qui
1202 1153 1309 1192 bona
1337 1152 1515 1203 pluribus
1544 1151 1657 1190 annis

512 1218 682 1269 Colligit,
715 1226 753 1257 et
783 1220 867 1257 solo
898 1218 1062 1268 dissipat
1091 1217 1156 1256 illa
1185 1217 1252 1256 die
1268 1232 1279 1266 3

511 1284 591 1334 Qui
621 1284 730 1322 villas
760 1285 980 1323 monachus
1010 1291 1049 1322 et
1078 1297 1240 1334 campos
1270 1283 1418 1330 circuit,
1450 1283 1548 1322 illud

512 1349 651 1400 Sepius
681 1349 841 1388 incurrit
871 1363 951 1400 quo
980 1363 1068 1388 reus
1098 1349 1181 1399 ipse
1210 1349 1341 1388 cadit:

512 1417 611 1454 Sunt
640 1423 773 1454 tamen
802 1417 853 1454 ad
883 1429 1043 1465 presens
1073 1415 1200 1466 pauci,
1232 1415 1300 1465 qui
1330 1422 1463 1454 mente
1492 1416 1553 1453 vel
1583 1422 1674 1453 actu

513 1483 607 1519 Non
637 1494 734 1531 vaga
762 1480 912 1519 deliciis
943 1482 1063 1519 corda
1093 1481 1238 1519 dedere
1268 1480 1357 1518 suis.
1812 1495 1874 1525 300

513 1546 673 1585 Dixerat
702 1548 776 1584 hec
806 1547 1006 1593 Salomon,
1038 1545 1210 1583 hominis
1240 1546 1349 1595 quod
1379 1545 1506 1583 inanis
1535 1545 1714 1592 amictus,

513 1611 594 1661 Qui
622 1618 729 1661 patet
759 1611 937 1658 exterius,
969 1610 1153 1649 interiora
1182 1612 1324 1650 docet:

511 1678 578 1715 Set
606 1677 697 1715 licet
726 1690 773 1715 ex
802 1676 941 1714 humili
971 1678 1190 1715 monachus
1220 1690 1261 1714 se
1290 1684 1398 1715 veste
1429 1677 1579 1726 figuret,

511 1743 630 1781 Nunc
661 1749 793 1780 tamen
822 1755 846 1780 a
873 1743 993 1780 latere
1022 1744 1133 1792 plura
1163 1742 1331 1792 superba
1360 1741 1481 1780 vides.

449 1908 527 1943 Hie
553 1909 735 1953 loquitur
760 1909 810 1943 de
836 1909 1055 1943 monachis
1085 1909 1168 1943 illis
1198 1908 1267 1952 qui
1293 1918 1379 1942 non
1406 1918 1481 1952 pro
1511 1908 1653 1942 diuino
1679 1908 1872 1949 seruicio‚

403 1969 469 2002 set
489 1968 626 2011 magis
651 1978 725 2012 pro
752 1967 877 2002 huius
900 1968 1042 2002 mundi
1071 1967 1235 2002 honore
1261 1969 1303 2002 et
1329 1968 1559 2012 voluptate,
1582 1966 1772 2002 habitum
1792 1967 1873 2002 sibi

404 2025 620 2070 religionis
646 2028 877 2061 assumunt.

275 2106 404 2154 Capm.
428 2105 475 2143 vi.
563 2107 633 2144 Est
663 2105 771 2156 nigra
801 2119 942 2144 coruus
972 2105 1056 2143 auis
1085 2107 1289 2155 predoque
1319 2104 1532 2153 cadaueris,
1565 2104 1695 2156 ipsum

515 2172 647 2219 Quem
677 2172 779 2208 male
808 2169 986 2220 denigrat
1015 2183 1109 2208 ceca
1137 2169 1262 2208 libido
1291 2177 1460 2208 notans:

517 2236 599 2274 Sub
628 2236 832 2273 volucrum
862 2234 993 2284 specie
1023 2233 1227 2284 descripsit
1256 2233 1390 2284 legifer
1419 2233 1535 2284 ipsos,

517 2302 629 2349 Quos
660 2301 885 2338 mundanus
915 2312 1025 2337 amor
1054 2298 1241 2348 religione
1270 2298 1389 2349 tegit:

516 2367 639 2403 Hunc
668 2365 793 2403 eciam
823 2364 946 2414 tangit
975 2377 1094 2414 quem
1123 2363 1319 2414 religionis
1349 2363 1514 2402 amictus

518 2432 673 2478 Laruat,
705 2438 744 2468 vt
774 2430 866 2468 hinc
896 2429 1016 2468 cicius
1046 2428 1169 2479 possit
1199 2430 1349 2467 honore
1378 2429 1462 2468 frui.
1814 2446 1876 2477 310

517 2498 650 2546 Turpe
679 2510 800 2546 pecus
830 2502 1060 2542 monstrum,
1093 2494 1215 2545 turpis
1246 2495 1330 2533 sine
1359 2494 1534 2544 gramine
1563 2509 1738 2547 campus,

519 2563 569 2600 Et
599 2561 682 2600 sine
711 2562 851 2600 fronde
880 2562 1015 2607 frutex,
1048 2568 1085 2599 et
1115 2560 1198 2598 sine
1227 2559 1333 2598 crine
1362 2568 1507 2610 caput:

519 2626 689 2676 Turpior
718 2634 776 2665 est
806 2627 1036 2670 monachus,
1067 2625 1248 2664 habiturn
1277 2625 1343 2675 qui
1374 2625 1570 2676 religionis

520 2691 748 2742 Sumpserst,
780 2699 818 2730 et
848 2691 1034 2731 monachi
1063 2690 1300 2730 condicione
1328 2698 1443 2729 caret.

596 2823 660 2852 295
686 2813 748 2843 sibi
766 2824 832 2845 om.
854 2813 878 2844 S
896 2812 947 2854 (p.
966 2814 1026 2853 m.)
1045 2813 1097 2844 vir
1112 2811 1251 2844 inserted
1264 2812 1346 2843 later
1387 2812 1476 2844 bona
1492 2813 1549 2852 qui
1567 2812 1629 2844 sibi
1650 2812 1680 2842 D

596 2865 679 2905 Cap.
696 2865 740 2898 vi.
764 2864 925 2907 Heading
946 2876 965 2897 2
979 2865 999 2897 f.
1027 2864 1203 2904 religionis
1219 2864 1283 2896 sibi
1301 2863 1358 2897 CE
