2095 3173
386 241 464 281 144
852 228 981 270 VOX
1023 229 1382 270 CLAMANTIS

491 336 669 373 Intumet
697 335 856 374 vlterius
886 348 1006 384 quarn
1036 333 1228 373 tumuisse
1257 335 1383 372 decet.

544 399 692 439 Littera
719 401 817 439 dum
848 399 969 449 Regis
999 400 1165 449 Papales
1194 398 1390 449 supplicat
1417 411 1542 445 aures,

489 465 627 504 Simon
657 473 696 504 et
724 472 783 504 est
812 464 980 512 medius,
1010 472 1130 515 vngat
1158 471 1199 503 vt
1227 463 1312 514 ipse
1341 477 1493 511 manus,

489 531 552 568 En
582 530 732 568 laicus
761 537 894 568 noster
923 530 967 567 fit
995 528 1160 568 clericus
1188 536 1303 579 aptus
1332 536 1373 567 vt
1403 542 1543 568 omnes

488 594 651 633 Simone
680 595 884 633 consultus
913 595 1079 633 scandat
1107 593 1148 632 in
1178 594 1274 633 orbe
1302 595 1457 645 gradus.

489 659 570 698 Hic
600 659 668 709 qui
696 673 845 710 pauper
874 659 957 698 heri
985 660 1111 698 fuerat
1139 659 1252 710 quasi
1280 660 1412 699 nudus
1442 666 1481 698 et
1509 658 1620 698 omni

487 725 626 763 Laude
655 737 802 771 carens,
834 738 909 763 nee
938 738 1029 763 eum
1059 724 1178 775 patris
1208 724 1382 763 habebat
1410 726 1548 771 honor,
1768 730 1851 770 1380

488 789 612 829 Cuius
642 797 724 829 erat
751 789 887 828 tunica
914 789 1012 837 vilis,
1043 803 1125 828 non
1154 791 1260 840 larga
1288 797 1347 828 set
1375 797 1469 837 arta,

487 854 565 893 Vix
594 854 669 893 sibi
699 868 777 905 que
806 854 932 905 tetigit
962 854 1214 905 simplicitate
1242 868 1358 905 genu,

487 922 612 959 Hunc
641 919 820 971 polimita
848 921 972 959 modo
1000 919 1118 958 vestis
1147 919 1377 967 circumdat,
1409 927 1448 958 et
1476 919 1561 959 eius

485 987 680 1024 Alludens
708 985 878 1036 pedibus
908 984 1063 1024 fimbria
1089 984 1230 1024 lambit
1258 986 1451 1023 humum:

484 1050 616 1090 Vestis
646 1064 724 1101 que
753 1050 931 1090 medium
959 1064 1042 1089 non
1070 1049 1183 1089 nouit
1212 1049 1379 1100 poplicis
1408 1049 1514 1096 olim,

486 1117 573 1154 Iam
603 1115 697 1155 colit
726 1117 800 1154 hec
830 1117 930 1155 talos
959 1117 1096 1154 oscula
1124 1116 1259 1154 dando
1288 1114 1393 1165 pedi.

484 1181 525 1220 Si
554 1181 695 1220 mundi
724 1182 930 1232 speculum
960 1180 1141 1220 scruteris
1170 1180 1212 1219 in
1240 1180 1357 1219 huius
1385 1179 1545 1227 amictu,

485 1246 660 1285 Plurima
688 1246 848 1286 rectoris
877 1259 1037 1285 cernere
1065 1259 1166 1284 vana
1194 1253 1319 1296 potes.

538 1311 708 1350 Presulis
737 1311 822 1362 ipse
849 1313 1016 1361 gradum
1045 1311 1077 1350 si
1106 1324 1188 1349 non
1217 1312 1315 1350 dum
1344 1311 1533 1349 scandere
1562 1309 1699 1361 possit,

485 1378 590 1415 Ecce
619 1384 752 1415 tamen
782 1384 909 1415 vestes
938 1384 1142 1427 comparat
1169 1376 1254 1426 ipse
1283 1389 1406 1426 pares.
1764 1388 1848 1422 1390

484 1439 608 1478 Cuius
637 1446 719 1477 erat
747 1440 854 1478 solus
884 1453 1010 1490 nuper
1037 1440 1190 1478 catulus
1220 1438 1467 1485 domicellus,

485 1503 548 1539 En
578 1501 753 1551 sequitur
781 1509 887 1540 totus
916 1515 1024 1539 nunc
1053 1501 1165 1551 quasi
1194 1503 1368 1540 mundus
1398 1514 1518 1548 eum,-

484 1563 609 1603 Cuius
638 1571 720 1602 erat
748 1564 913 1602 baculus
941 1578 1068 1614 nuper
1096 1563 1295 1614 palfridus‚
1327 1565 1380 1602 ad
1409 1563 1492 1602 eius

483 1630 627 1668 Sellam
657 1642 748 1667 cum
777 1629 868 1667 loris
898 1628 1080 1667 subditur
1107 1630 1209 1667 altus
1239 1641 1347 1678 equs.

482 1694 546 1733 Sic
575 1694 679 1745 viget
707 1694 748 1732 in
777 1694 879 1733 curis
908 1693 1032 1741 diues,
1064 1701 1123 1733 set
1152 1693 1328 1732 moribus
1357 1706 1493 1743 expers

484 1759 654 1810 Indiget‚
686 1767 725 1798 et
753 1772 856 1798 vano
886 1773 995 1798 more
1023 1759 1215 1809 gubernat
1245 1772 1351 1809 opes.

482 1825 705 1875 Compotus
734 1824 775 1862 in
804 1824 945 1863 mundi
973 1824 1090 1863 rebus
1120 1825 1230 1874 quod
1259 1825 1326 1861 fiat
1354 1823 1545 1861 habunde

483 1891 702 1937 Perstudet‚
734 1897 774 1927 vt
803 1889 969 1928 domino
998 1890 1067 1928 det
1095 1902 1166 1927 sua
1194 1888 1278 1926 iura
1306 1901 1405 1927 suo:

482 1955 700 2005 Computet
728 1962 768 1993 vt
797 1954 927 1994 Cristo
957 1961 1016 1993 set
1044 1955 1095 1993 de
1124 1953 1226 1992 curis
1255 1953 1488 2000 animarum,

481 2019 666 2070 Turpiter
694 2019 845 2069 absque
874 2021 983 2058 lucro
1012 2020 1118 2058 fossa
1146 2021 1294 2058 talenta
1321 2020 1456 2057 latent.
1762 2033 1846 2065 1400

481 2084 602 2124 Curia
629 2084 685 2123 sic
715 2084 834 2125 Cristi
862 2085 963 2123 tollit
991 2086 1195 2123 mundana
1223 2084 1420 2131 clientem,

484 2149 565 2197 Qui
593 2149 702 2187 venit
729 2150 780 2188 ad
808 2151 1006 2199 laqueum,
1037 2151 1134 2188 dum
1164 2149 1243 2188 sitit
1272 2149 1357 2199 ipse
1385 2151 1549 2188 lucrum.

2016 1498 2031 1583 ἓ

418 2310 497 2344 Hic
520 2309 702 2353 loquitur
724 2309 774 2344 de
794 2309 1025 2344 rectoribus
1048 2309 1145 2350 illis,
1168 2309 1238 2352 qui
1263 2310 1318 2343 ab
1345 2310 1538 2353 episcopo
1562 2310 1774 2345 licenciati
1798 2320 1844 2345 se

370 2368 534 2411 fingunt
556 2368 617 2402 ire
641 2369 793 2409 scolas,
811 2369 861 2402 vt
883 2367 959 2402 sub
982 2368 1151 2402 nomine
1176 2367 1350 2402 virtutis
1373 2367 1487 2402 vicia
1510 2368 1747 2412 corporalia
1769 2369 1845 2403 fre·

373 2428 589 2469 quentent.

210 2505 337 2555 Capffl.
360 2504 447 2543 xvii.
533 2507 644 2544 Alter
672 2505 784 2543 adest
812 2511 949 2551 rector,
981 2517 1141 2542 causam
1170 2503 1349 2554 designat
1379 2512 1417 2543 et
1445 2504 1539 2555 ipse,

483 2569 591 2608 Dicit
620 2569 726 2608 enim
756 2583 884 2608 sacras
914 2570 1023 2620 quod
1052 2568 1160 2619 cupit
1189 2568 1244 2607 ire
1273 2570 1424 2608 scolas:

479 2637 534 2673 Vt
562 2648 682 2684 vagus
712 2642 812 2673 astet
840 2634 896 2672 ibi
924 2647 1041 2684 prece
1069 2635 1154 2671 ruffi
1183 2635 1313 2684 presul
1343 2642 1381 2673 et
1410 2634 1489 2673 albi

479 2699 643 2746 Annuit,
673 2707 713 2738 vt
742 2699 924 2738 dominis
954 2712 1054 2749 quos
1083 2706 1204 2736 amat
1232 2698 1333 2748 ipse
1362 2698 1512 2737 nimis.

483 2763 547 2802 Sic
577 2771 704 2802 rector
732 2763 807 2802 sibi
836 2764 909 2803 sub
939 2763 1070 2814 specie
1098 2762 1250 2801 virtutis
1279 2764 1452 2814 adoptat,

515 2892 599 2923 1374
625 2883 779 2915 timuisse
796 2883 894 2915 EHL
1026 2884 1109 2924 1376
1124 2888 1228 2923 vngat
1244 2887 1281 2914 vt
1298 2883 1328 2914 D
1374 2888 1478 2922 vngat
1495 2888 1529 2914 et
1546 2883 1736 2916 SCEHGL
