2095 3173
675 219 863 259 LIBER
906 219 1145 260 PRIMUS
1589 233 1642 271 47

286 326 377 373 Que
406 326 505 363 solet
534 338 581 364 ex
611 326 731 363 muris
761 325 864 375 cingi
893 325 1019 374 patuit
1049 325 1133 363 sine
1163 337 1287 372 muro,

285 391 371 428 Nec
400 391 528 440 potuit
556 403 659 429 seras
688 391 871 429 claudere
900 397 1012 440 porta
1040 403 1141 428 suas.

285 456 397 494 Mille
427 457 507 505 lupi
538 456 728 506 mixtique
757 457 859 505 lupis
889 456 963 494 vrsi
993 456 1216 505 gradientes

283 522 320 558 A
349 521 457 558 siluis
487 527 664 559 statuunt
693 521 796 559 vrbis
826 521 934 559 adire
963 521 1129 559 domos:

286 586 377 623 Non
409 592 491 623 erat
520 586 559 623 in
590 587 699 624 terris
728 593 996 624 monstrosum
1026 586 1218 635 quicquid
1246 585 1440 633 abortum,

285 651 362 689 Seu
390 663 526 700 genus,
558 652 664 689 vnde
693 651 798 689 furor
827 652 959 689 ledere
988 658 1121 700 posset
1150 651 1327 698 humum,

285 716 394 764 Quin
424 717 530 754 venit
559 722 598 754 et
627 717 760 764 creuit,
793 729 949 766 spersus
978 717 1085 755 velut
1115 716 1241 754 imber
1269 717 1320 754 ab
1349 723 1492 763 austro,

285 781 475 830 Qualibet
505 794 551 819 ex
580 788 690 831 parte
720 794 888 831 parsque
917 782 1057 820 furoris
1086 782 1209 820 adest.

283 848 400 884 Tunc
429 847 469 884 in
498 853 632 896 aperta
662 847 749 885 loca
778 860 856 896 que
885 853 1061 885 monstra
1089 848 1195 896 prius
1224 848 1421 885 latuerunt

284 913 504 959 Accedunt,
537 912 696 962 paribus
726 918 898 962 suntque
926 920 1084 962 recepta
1113 913 1216 951 suis:
1581 919 1647 961 890

284 978 409 1016 Belua
438 985 559 1026 vasta,
588 978 706 1026 ferox,
738 978 846 1016 siluis
876 990 954 1027 que
983 978 1220 1027 palustribus
1250 978 1339 1023 exit,

285 1043 366 1091 Qui
395 1049 548 1081 tantum
578 1043 687 1081 rabie
716 1055 797 1081 non
828 1044 929 1090 furit,
960 1043 1084 1081 immo
1113 1043 1240 1090 fame;

285 1108 377 1146 Plus
407 1115 540 1146 tamen
569 1120 615 1146 ex
644 1108 753 1146 rabie
782 1108 999 1157 dispersam
1029 1108 1130 1146 seuit
1159 1108 1199 1145 in
1229 1107 1380 1154 urbem,

285 1174 376 1221 Que
406 1180 536 1222 stupet
565 1174 744 1222 ignotum
772 1174 849 1211 tale
878 1173 1011 1211 venire
1041 1173 1201 1211 malum.

287 1236 441 1284 Agresti
471 1236 569 1273 furia
598 1236 697 1273 iurat
727 1235 925 1282 siluestris,
956 1242 996 1273 vt
1025 1247 1105 1273 vno

287 1301 459 1350 Legibus
489 1301 661 1339 excussis
691 1300 773 1337 iura
803 1301 932 1338 furore
961 1306 1105 1338 ruent:

285 1367 438 1404 Tantus
468 1366 579 1404 adest
609 1378 797 1404 numerus
827 1378 1030 1403 seruorum
1061 1365 1314 1414 perdicionis‚

286 1431 455 1481 Cingere
484 1431 593 1481 quod
623 1444 757 1469 murus
787 1431 850 1468 vix
878 1432 980 1468 valet
1008 1431 1109 1468 vllus
1139 1443 1219 1469 eos.

341 1497 445 1535 Cum
474 1497 580 1534 furor
608 1502 716 1545 vrget
745 1509 855 1546 opuS‚
888 1502 1064 1534 remanet
1092 1496 1322 1534 moderacio
1352 1496 1469 1543 nulla,

287 1562 353 1600 Set
382 1563 505 1612 magis
535 1563 575 1600 in
604 1563 770 1600 vetitum
801 1561 1008 1611 quodlibet
1037 1562 1122 1610 ipse
1150 1561 1251 1599 ruit:
1583 1575 1649 1608 900

283 1628 434 1677 Sponte
463 1640 533 1665 sua
561 1634 783 1677 properant,
815 1627 936 1665 nichil
965 1634 1023 1665 est
1053 1627 1262 1676 prohibere
1291 1627 1483 1673 volentes,

287 1694 351 1731 Sic
380 1694 483 1731 valet
513 1694 712 1743 inceptam
742 1694 879 1731 tollere
908 1704 1029 1731 nemo
1057 1693 1186 1731 viam:

287 1758 434 1797 Omnia
463 1760 679 1806 traduntur,
711 1766 843 1808 postes
872 1758 1133 1796 reserauimus
1162 1758 1278 1805 hosti,

288 1825 339 1861 Et
369 1824 411 1862 fit
441 1824 481 1861 in
511 1824 632 1862 infida
661 1824 893 1873 prodicione
923 1824 1033 1861 fides.

288 1890 342 1926 Vt
371 1889 500 1926 fremit
529 1901 618 1926 acer
647 1901 755 1938 equs,
788 1889 855 1937 qui
884 1887 1048 1926 bellicus
1079 1899 1144 1926 ere
1173 1900 1321 1925 sonoro

289 1954 421 2000 Saltat,
453 1960 492 1991 et
521 1953 672 2002 ignorat
702 1953 938 2002 proximiora
968 1952 1081 1999 mala,

290 2019 355 2056 Sic
384 2019 463 2056 fera
492 2018 686 2056 rusticitas
717 2018 1045 2066 incircumspecta
1074 2017 1268 2054 malorum

290 2084 448 2133 Incipit,
480 2091 517 2121 et
548 2084 669 2121 finem
699 2096 780 2121 non
811 2083 917 2121 videt
947 2082 1040 2120 inde
1071 2095 1216 2120 suum:

289 2149 502 2187 Victricem
532 2149 672 2197 repetit
701 2149 836 2186 dextre
865 2148 1105 2197 coniungere
1135 2148 1312 2185 dextram
1347 2160 1349 2163 ’

290 2214 444 2253 Concio
474 2214 634 2261 seruilis,
666 2226 786 2263 quam
816 2214 922 2251 furor
951 2213 1082 2251 omnis
1113 2212 1244 2250 habet.
1588 2227 1652 2260 910

290 2280 354 2318 Sic
382 2279 531 2317 adeunt
559 2279 696 2317 vrbem
726 2278 840 2316 turbe
868 2279 1061 2317 violenter
1088 2284 1270 2328 agrestes,

291 2346 343 2383 Et
371 2345 488 2383 maris
517 2351 557 2382 vt
586 2345 727 2382 fluctus
758 2344 1031 2393 ingrediuntur
1060 2356 1160 2382 eam.

291 2411 328 2450 O
359 2423 478 2460 quam
508 2422 650 2459 magna
680 2410 796 2447 nimis
826 2422 886 2447 res
916 2416 954 2448 et
983 2407 1198 2458 spectabile
1226 2407 1368 2445 mirum

292 2476 427 2515 Creuit
456 2476 496 2513 in
526 2475 686 2513 introitu
716 2476 767 2513 de
796 2475 973 2513 nouitate
1003 2475 1118 2511 mali!

292 2542 396 2579 Aula
425 2542 625 2590 palentina
652 2540 811 2590 grandis
840 2546 1014 2577 mutatur
1043 2540 1083 2576 in
1111 2538 1217 2585 vrbe,

294 2606 437 2645 Omnis
467 2613 505 2644 et
534 2607 575 2643 in
604 2607 772 2644 formam
801 2606 963 2643 vertitur
992 2605 1075 2653 ipsa
1105 2615 1219 2651 case3

294 2673 426 2721 Atque
455 2684 565 2709 casas
593 2671 777 2709 minimas
807 2670 938 2708 subito
968 2669 1136 2707 mutauit
1166 2671 1206 2705 in
1235 2669 1344 2707 aulas

294 2738 397 2783 Sors,
428 2748 506 2785 que
533 2736 687 2774 iudiciis
716 2742 812 2773 tunc
840 2736 912 2773 fuit
941 2747 1030 2784 egra
1059 2734 1194 2783 magis.

351 2802 457 2840 Ecce
488 2801 597 2839 Iouis
626 2801 766 2839 festina
795 2801 879 2838 dies
910 2800 960 2838 de
991 2798 1169 2847 Corpore
1199 2798 1327 2845 Cristi‚

326 2876 391 2906 882
414 2879 548 2916 poterat
564 2875 591 2906 C
724 2876 788 2915 893
811 2885 876 2906 om.
896 2875 925 2905 D
943 2874 1070 2916 (marg.
1088 2873 1201 2904 deficit
1213 2883 1328 2904 versus
1343 2873 1376 2904 in
1394 2873 1507 2915 copia)
