2095 3173
418 263 493 304 132
884 249 1015 291 VOX
1055 249 1414 291 CLAMANTIS

522 358 607 396 Iam
637 364 757 403 vorat,
790 363 828 395 et
857 354 1059 406 proprium
1089 355 1228 406 predat
1257 354 1363 393 ouile
1393 367 1535 392 suum:

521 422 585 461 Sic
614 423 718 461 ferus
748 429 787 459 vt
817 421 936 459 iudex
963 419 1157 470 agitamus
1187 421 1292 458 secla
1320 433 1390 470 per
1419 419 1563 470 ignem,

522 486 761 537 Purgatique
790 485 914 535 magis
943 484 1018 524 eris
1048 485 1242 524 habemus
1271 497 1379 535 opes.

522 552 683 591 Vendat
712 550 819 590 enirn
848 549 1025 589 tunicam
1055 549 1130 589 sibi
1159 551 1286 589 clerus
1317 557 1355 589 et
1385 549 1479 588 hinc
1508 556 1614 588 emat
1644 562 1792 596 ensem,

524 618 661 656 Cesset
690 623 729 655 et
757 629 781 654 a
809 615 927 654 sacris
957 615 1123 666 quilibet
1151 616 1250 654 ordo
1280 615 1384 654 suis:
1815 629 1882 663 930

521 683 683 720 Nomen
713 688 752 720 et
780 680 821 719 in
850 680 959 719 terris
988 680 1044 719 sic
1072 688 1252 719 nostrum
1281 680 1592 731 magnificemus,

521 747 575 784 Vt
604 745 770 785 timeant
793 745 859 784 alii
888 746 992 785 bella
1019 747 1149 784 futura
1177 745 1262 784 sibi.

523 811 610 849 Iam
638 810 844 861 pastoralis
873 810 1037 849 baculus
1066 818 1237 849 vertetur
1264 809 1306 848 in
1334 811 1499 857 hastam,

522 875 643 914 Mitra
671 877 714 914 fit
743 875 783 914 in
812 877 976 926 galeam,
1007 889 1083 926 pax
1111 875 1187 914 ruit
1215 875 1336 925 inque
1364 888 1532 914 necem:

521 940 602 990 Qui
631 942 820 991 prodesse
848 940 941 979 velit
970 940 1102 991 prosit,
1133 953 1227 978 nam
1256 953 1330 978 nos
1359 953 1475 990 super
1507 953 1646 979 omnes

520 1005 685 1044 Preferri
713 1007 908 1053 volumus,
937 1012 1063 1055 gestet
1091 1012 1131 1043 et
1157 1006 1255 1043 alter
1283 1018 1395 1043 onus.

578 1070 664 1109 ‘Sic
693 1084 777 1117 nos,
810 1070 877 1120 qui
906 1069 1051 1109 summi
1080 1077 1282 1120 portamus
1312 1069 1476 1108 nomina
1504 1070 1608 1117 cleri,

521 1137 653 1175 Corde
683 1135 806 1186 magis
835 1135 920 1175 ceci
948 1135 1132 1174 duximus
1162 1149 1271 1174 arma
1298 1134 1434 1186 sequi:

520 1201 724 1251 Quicquid
753 1208 870 1251 agant
897 1200 1040 1247 anime,
1072 1213 1145 1239 nos
1174 1201 1345 1240 subdere
1373 1214 1538 1251 corpora
1567 1200 1707 1239 mundi

518 1266 751 1313 Tendimus,
783 1274 822 1305 et
851 1265 967 1305 nobis
996 1267 1058 1305 lex
1086 1265 1258 1316 positiua
1286 1267 1393 1305 fauet
1407 1281 1418 1315 3
1814 1281 1880 1314 940

520 1332 625 1369 Nam
654 1331 746 1370 licet
774 1344 822 1370 ex
848 1332 959 1381 glosa
986 1330 1161 1380 gladium
1191 1332 1301 1381 quod
1330 1338 1460 1369 sumat
1488 1337 1712 1381 Vtrumque,

520 1396 613 1444 Quo
642 1397 738 1434 ferat
767 1403 925 1434 extenta
953 1395 1104 1442 bellica,
1136 1402 1270 1434 nostra
1299 1408 1450 1433 manus.

520 1462 625 1510 Ergo
655 1460 778 1511 magis
806 1468 978 1510 paueant
1007 1473 1147 1499 omnes
1177 1459 1363 1499 dedicere
1393 1459 1523 1508 nobis,

520 1527 568 1563 In
598 1539 767 1575 quorum
799 1525 911 1564 bellis
940 1539 984 1564 os
1014 1525 1101 1564 ferit
1129 1532 1250 1575 atque
1279 1539 1431 1564 manus.

518 1594 708 1630 Attamen
736 1593 788 1631 ad
816 1605 956 1641 pacem
986 1598 1161 1629 nostram
1191 1590 1437 1641 suscepimus
1467 1604 1607 1630 omnes

519 1657 748 1696 Barbaricas
777 1665 925 1707 gentes,
956 1670 1007 1695 ne
1036 1656 1255 1695 cruciemur
1284 1656 1366 1694 eis:

521 1722 670 1762 Contra
699 1721 925 1762 Cristicolas
954 1721 1225 1772 pretendimus
1254 1734 1363 1759 arma
1390 1734 1562 1768 mouere,

522 1787 602 1836 Qui
632 1788 754 1826 modo
784 1795 875 1826 sunt
903 1787 988 1826 ausi
1016 1786 1080 1824 vix
1108 1800 1179 1826 sua
1209 1786 1293 1825 iura
1320 1786 1442 1837 loqui.

518 1852 748 1891 Auriculam
779 1854 917 1892 Petrus
946 1851 1126 1899 abscidit,
1158 1853 1300 1890 vulnus
1330 1859 1368 1890 et
1397 1851 1495 1890 illud

520 1919 668 1956 Sanum
698 1917 865 1957 restituit
895 1917 1046 1958 Cristus
1075 1925 1116 1956 vt
1145 1926 1236 1956 ante
1266 1917 1338 1956 fuit
1355 1932 1365 1965 3
1815 1934 1881 1966 950

519 1985 666 2022 Nostra
695 1991 753 2022 set
782 1983 837 2022 ira
866 1991 985 2034 caput
1012 1985 1148 2030 aufert,
1181 1997 1261 2033 quo
1290 1984 1451 2022 vulnere
1479 1984 1632 2021 nullum

519 2048 719 2087 Nouimus
748 2048 789 2086 in
819 2062 959 2087 sanum
988 2056 1078 2099 post
1106 2048 1285 2087 reuenire
1313 2055 1470 2086 statum.

518 2114 590 2151 Est
619 2113 735 2163 igitur
764 2112 869 2151 Petri
898 2112 1022 2152 maior
1051 2113 1253 2151 sentencia
1281 2120 1425 2160 nostra,

519 2179 570 2216 Et
599 2177 752 2228 gladius
782 2185 915 2216 noster
943 2177 1086 2216 forcior
1115 2191 1209 2216 ense
1239 2179 1336 2216 suo.'

518 2242 582 2281 Sic
611 2242 739 2282 differt
769 2243 956 2282 Clemens
985 2255 1092 2281 nunc
1121 2256 1144 2280 a
1173 2243 1369 2280 clemente
1399 2249 1574 2288 vocatus,

519 2309 631 2345 Errat
660 2314 698 2345 et
728 2308 934 2357 Acephalo
964 2306 1127 2346 nomine
1156 2320 1304 2345 nomen
1333 2306 1496 2345 habens.

453 2465 531 2499 Hic
557 2465 738 2507 loquitur
767 2463 816 2498 de
846 2464 1024 2508 prelatis
1053 2464 1149 2504 illis,
1180 2463 1249 2506 qui
1277 2473 1431 2497 nomen
1459 2465 1653 2498 sanctum
1680 2464 1762 2498 sibi
1793 2474 1875 2508 pre·

405 2525 584 2564 sumunt,
604 2522 881 2566 appropriant
903 2525 1043 2557 tamen
1068 2522 1148 2556 sibi
1172 2524 1354 2563 terrena,
1372 2531 1450 2556 nec
1475 2522 1571 2557 aliis
1596 2522 1694 2557 inde
1711 2523 1875 2566 partici-

407 2580 546 2623 pando
566 2591 618 2615 ex
636 2581 814 2615 caritate
832 2580 1098 2615 subueniunt.

286 2662 413 2709 (Japffl.
438 2660 483 2699 xi,
570 2662 756 2711 Angelus,
787 2668 828 2699 vt
856 2659 1006 2710 legitur,
1037 2667 1174 2698 sancto
1203 2660 1445 2709 quandoque
1475 2660 1647 2698 Iohanni

520 2725 638 2772 Dixit,
670 2739 842 2776 cumque
871 2727 1017 2764 cadens
1045 2726 1142 2762 alter
1170 2726 1306 2763 adorat
1336 2738 1439 2771 eum,

520 2792 606 2829 ‘Tu
635 2790 766 2838 michi,
799 2804 911 2830 serue
940 2789 1015 2838 dei,
1047 2789 1180 2828 videas
1210 2803 1260 2828 ne
1290 2789 1426 2828 feceris
1456 2789 1563 2838 illud,

1017 2910 1082 2940 934
1105 2904 1181 2931 ruet
1197 2899 1262 2931 CH
