2095 3173
685 249 872 290 LIBER
910 249 1152 290 SEXTUS
1569 263 1647 302 257

303 357 400 404 Rex,
431 357 483 394 ita
513 357 544 395 si
573 357 707 407 fugias
725 357 915 395 viciorum
944 356 1130 406 pondera,
1163 368 1291 394 mores

304 422 356 458 Et
384 428 529 469 teneam,
561 422 705 472 poteris
736 422 926 472 quicquid
954 421 1099 460 habere
1127 421 1233 460 velis.

244 549 322 586 Hic
339 552 522 596 loquitur
540 554 581 587 et
598 553 717 597 ponit
733 552 955 596 magnifico
972 553 1056 587 iam
1074 551 1163 595 regi
1179 552 1328 586 nostro
1354 550 1500 585 queni
1522 560 1654 594 nuper

198 608 466 644 Serenissimi
498 610 702 654 Principis
727 610 861 654 patris
887 611 952 645 sui
977 610 1179 654 exempla,
1205 609 1348 644 dicens
1373 608 1492 653 quod,
1516 609 1589 643 vbi
1615 609 1657 644 et

198 668 365 710 quando
384 669 651 704 necessitatis
668 669 767 703 illud
785 668 917 712 exigit
935 669 1131 710 facultas,
1145 678 1220 702 rex
1234 668 1384 702 contra
1397 677 1498 702 suos
1509 666 1658 702 hostes

200 734 407 761 armorum
436 727 671 770 probitates
696 727 895 761 audacter
920 728 1126 767 exerceat,
1153 727 1196 760 et
1221 724 1329 769 quod
1353 725 1423 761 ille
1447 726 1563 760 nulla
1593 725 1659 760 ad-

200 784 405 820 uersitate
422 785 709 820 constanciam
727 786 793 820 sui
810 786 953 820 vultus
969 784 1210 819 videntibus
1228 784 1323 819 aliis
1342 784 1524 819 amittat.

40 858 177 921 lCapm.
201 858 278 897 xiii.
363 861 435 898 Est
463 860 545 908 tibi,
577 873 653 909 rex,
687 861 804 907 aliud,
836 861 945 910 quod
975 860 1026 898 sis
1051 860 1235 898 defensor
1264 859 1304 896 in
1333 859 1450 897 armis

41 934 43 948 ¹
313 925 471 974 Plebis3
508 933 546 964 et
575 933 614 964 vt
644 927 726 964 iura
754 926 805 964 de
834 926 1027 975 probitate
1056 931 1174 974 tegas,

314 991 447 1028 Huius
477 991 516 1028 in
546 992 770 1041 exemplum
800 991 1048 1029 reminiscere
1077 990 1177 1027 facta
1206 996 1377 1038 paterna,

315 1056 439 1094 Cuius
467 1057 598 1094 adhuc
627 1057 788 1105 vigilans
817 1057 900 1094 laus
930 1054 1169 1104 vbicumque
1198 1061 1324 1093 sonat.
1599 1069 1665 1101 920

318 1121 547 1170 Numquam
577 1121 627 1159 de
655 1128 754 1159 terra
783 1133 930 1159 nornen
960 1118 1155 1158 delebitur
1183 1120 1277 1167 eius,

319 1186 540 1224 Precellunt
568 1185 685 1223 armis
717 1186 902 1223 Hectoris
932 1197 1040 1223 arma
1068 1198 1161 1233 sua3

319 1251 448 1300 Inque
477 1263 586 1288 suam
616 1251 773 1289 laudern
803 1241 881 1299 que
909 1256 1016 1288 tuam
1045 1262 1133 1288 mea
1161 1250 1304 1298 scripta
1331 1248 1504 1295 reuoluo,

319 1317 372 1353 Vt
401 1316 596 1365 probitate
624 1328 775 1354 mernor
804 1316 852 1353 sit
880 1315 952 1353 tibi
980 1316 1097 1364 patris
1127 1315 1264 1353 honor.

323 1382 454 1418 Iustus
484 1388 564 1418 erat
594 1381 725 1427 iustos,
758 1379 904 1429 probus
933 1380 1038 1418 vnde
1067 1379 1212 1429 probos
1243 1379 1318 1417 sibi
1347 1379 1451 1428 legit,

322 1447 408 1486 Nec
437 1446 527 1483 sinit
556 1446 695 1483 vrticas
725 1445 1014 1483 commaculare
1042 1457 1194 1482 rosam:

322 1510 498 1547 Confluit
527 1510 567 1546 in
597 1510 712 1547 donis
742 1521 822 1546 non
852 1521 967 1558 parce
996 1509 1101 1546 dona
1132 1508 1307 1555 merenti,

323 1576 386 1612 De
414 1575 519 1623 largo
547 1574 667 1612 corde
696 1574 737 1611 fit
766 1573 839 1611 sibi
869 1574 972 1623 larga
1001 1586 1163 1611 manus:

323 1640 465 1677 Extera
494 1639 683 1688 depredat
712 1640 809 1685 loca,
841 1645 899 1677 set
928 1651 997 1676 sua
1027 1639 1180 1688 propria
1209 1644 1348 1685 seruat,

324 1705 376 1742 Et
405 1703 478 1742 sibi
507 1705 717 1742 commisse
745 1716 930 1752 prospera
958 1704 1084 1752 plebis
1112 1704 1202 1753 agit.
1564 1701 1568 1704 ’
1610 1715 1675 1749 930

327 1770 423 1807 Eius
453 1769 558 1807 enim
587 1770 723 1807 laudes
753 1770 785 1807 si
815 1781 886 1806 nos
916 1768 1162 1806 cantabimus
1192 1780 1343 1815 omnes,

326 1834 473 1873 Omnia
501 1840 592 1871 sunt
620 1834 766 1871 meritis
795 1845 862 1871 ora
890 1833 1042 1870 minora
1071 1833 1173 1871 suis:

328 1899 448 1936 Nulla
477 1911 589 1935 suum
620 1899 801 1936 meritum
831 1898 973 1947 poterit
1002 1898 1263 1946 complectere
1291 1896 1405 1943 fama,

329 1964 418 2000 Vox
448 1963 575 2000 minor
604 1969 662 2000 est
691 1963 819 2000 omnis
849 1962 965 2000 laude
994 1962 1154 2000 ferenda
1183 1973 1262 1999 sua.

331 2029 384 2065 Vt
413 2027 603 2065 breuitate
632 2028 779 2076 loquar,
811 2033 941 2065 tantus
970 2027 1151 2076 princeps
1180 2026 1252 2063 fuit
1280 2026 1355 2072 ille,

333 2092 583 2130 Laudantum
614 2093 754 2141 poterit
784 2100 953 2141 quantus
982 2091 1032 2130 ab
1062 2104 1128 2130 ore
1158 2091 1255 2129 cani.

390 2158 552 2194 Francia
582 2158 698 2195 sentit
727 2170 829 2204 eum,
861 2158 1036 2195 recolens
1067 2156 1290 2205 Hispannia
1320 2155 1428 2202 vires,

335 2223 452 2260 Vnde
481 2222 633 2272 subegit
663 2235 749 2260 earn
779 2223 829 2260 de
857 2222 1061 2271 probitate,
1092 2222 1213 2260 timet.

336 2285 518 2325 Turbans
547 2287 707 2325 hostiles
737 2294 883 2324 turmas
913 2287 1146 2336 mediosque
1175 2298 1243 2336 per
1271 2285 1404 2323 hostes

338 2353 465 2398 Irruit,
497 2359 534 2390 et
563 2353 707 2401 rumpit
736 2365 844 2390 more
872 2352 997 2390 leonis
1026 2352 1123 2389 iter:
1620 2363 1685 2397 940

339 2418 394 2454 Vt
422 2417 535 2466 lupus
566 2417 647 2466 ipse
676 2417 780 2454 fame
809 2417 962 2454 strictus
992 2415 1179 2465 dispergit
1207 2415 1323 2461 ouile,

340 2482 429 2518 Hos
459 2481 608 2529 premit,
640 2481 711 2519 hos
740 2482 905 2530 perimit,
938 2481 1009 2519 hos
1039 2486 1144 2518 secat
1172 2480 1325 2527 hosque
1355 2483 1479 2516 necat.

340 2545 501 2583 Sobrius
530 2546 568 2581 in
597 2546 714 2594 gestis
743 2558 896 2595 semper
925 2546 995 2583 fuit
1025 2545 1099 2591 ille,
1130 2549 1189 2581 set
1218 2543 1340 2581 hostis

341 2610 538 2659 Sanguine
567 2622 658 2658 sepe
687 2623 779 2648 suus
809 2610 940 2649 ebrius
969 2610 1072 2648 ensis
1103 2615 1205 2646 erat:

343 2676 494 2724 Pugnat
524 2682 561 2711 et
590 2675 793 2724 impugnat
820 2687 1047 2725 expugnans
1075 2674 1212 2711 acriter
1240 2673 1383 2718 hostes,

280 2793 362 2832 Cap.
380 2791 438 2821 xiii
465 2790 623 2830 Heading
637 2802 656 2829 4
673 2795 852 2821 excerceat
869 2790 895 2821 C
942 2789 1111 2822 excerciat
1128 2789 1155 2818 L

280 2853 345 2884 945
378 2844 510 2883 Pugnat
542 2847 576 2872 et
606 2843 778 2882 impugnat
808 2852 1009 2882 expugnans
1049 2840 1171 2871 CEDL
1239 2839 1395 2878 Pungnat
1426 2844 1461 2870 et
1491 2839 1693 2880 impungnat

238 2905 442 2936 expugnans
473 2895 497 2926 S
588 2894 747 2932 Pungnat
770 2898 803 2924 et
826 2894 1024 2934 impungnat
1047 2902 1274 2933 expungnans
1299 2891 1397 2923 HGT

240 2953 337 2972 *u*
951 2959 970 2987 S
