2095 3173
680 239 869 280 LIBER
909 239 1182 281 TERCIUS

1586 254 1661 293 147

245 379 323 414 Hic
341 380 522 424 loquitur
538 380 589 415 de
607 381 840 416 rectoribus
859 381 956 421 illis,
980 381 1049 425 qui
1072 380 1115 415 in
1142 381 1252 415 curis
1274 381 1521 422 residentes,
1539 391 1664 416 curas

18 482 20 494 ς
198 441 339 474 tamen
385 439 662 483 negligentes,
703 440 1007 475 venacionibus
1053 441 1244 485 precipue
1290 442 1332 475 et
1374 440 1664 485 voluptatibus

18 508 22 549 ζ
200 497 367 540 penitus
392 497 629 533 intendunt.

18 554 154 630 iCapm,
178 576 278 615 xviii.

19 660 24 697 l

365 577 528 616 Tercius
557 585 615 616 est
644 585 780 625 rector,
811 577 988 616 animum
1019 578 1087 628 qui
1116 578 1243 617 tendit
1272 580 1323 617 ad
1352 579 1500 626 orbem,

309 643 357 680 In
387 655 480 680 cura
508 642 683 681 residens
712 644 808 681 dum
838 650 971 681 manet
1000 643 1083 693 ipse
1113 643 1249 682 domi:

309 709 429 746 Nuda
457 721 527 746 sue
555 707 648 746 folia
676 721 768 747 cure
798 708 881 747 sine
911 708 1100 747 fructibus
1130 710 1251 756 affert,

310 773 417 809 Dum
447 771 531 810 sine
559 774 647 811 luce
676 786 813 823 regens
844 775 985 811 stultus
1015 773 1227 812 obumbrat
1258 787 1356 812 eam.

308 837 489 876 Predicat
517 836 600 888 ipse
629 838 750 876 nichil
778 838 929 876 animas
959 840 1120 885 saluare,
1152 852 1225 877 nec
1255 852 1366 889 egros

307 901 460 949 Visitat‚
492 909 559 940 aut
588 902 726 952 inopes
755 910 881 941 tactus
910 916 1044 941 amore
1073 902 1205 941 iuuat:

309 969 379 1005 Est
408 967 482 1006 sibi
511 981 662 1006 crassus
691 982 799 1018 equs,
830 976 1028 1018 restatque
1057 967 1227 1006 sciencia
1255 981 1397 1016 macra,

308 1032 411 1069 Sella
439 1033 583 1070 decora
612 1046 689 1082 que
718 1046 830 1071 mens
859 1034 949 1071 feda
977 1040 1160 1082 perornat
1189 1046 1291 1071 eum.

309 1097 375 1134 Ad
404 1098 505 1134 latus
535 1104 573 1135 et
602 1110 725 1135 cornu
755 1098 914 1135 sufflans
943 1097 1050 1147 gerit,
1082 1098 1186 1135 vnde
1216 1098 1439 1136 redundant

311 1162 443 1208 Mons,
475 1175 626 1209 nemus,
658 1163 762 1200 vnde
791 1163 902 1212 lepus
931 1161 1013 1199 visa
1041 1161 1186 1210 pericla
1214 1161 1311 1211 fugit
1326 1176 1336 1209 3

311 1226 401 1265 Oris
430 1226 470 1264 in
500 1227 665 1265 ecclesia
694 1234 752 1265 set
780 1240 855 1265 vox
884 1240 955 1264 sua
983 1233 1093 1264 muta
1121 1226 1298 1276 quiescit,

312 1293 375 1330 Ne
404 1293 510 1341 fugat
539 1305 562 1329 a
590 1291 698 1330 viciis
727 1291 886 1331 sordida
915 1293 1035 1330 corda
1063 1291 1199 1341 gregis.

312 1356 376 1395 Sic
405 1357 524 1404 canis,
555 1358 606 1395 ad
636 1364 820 1407 questum
850 1356 917 1407 qui
947 1360 1089 1396 clamat
1120 1356 1160 1394 in
1190 1370 1257 1396 ore
1286 1356 1404 1404 fideli,

313 1424 453 1462 Certus
483 1422 645 1461 habebit
674 1436 722 1461 eo
752 1423 942 1473 quicquid
970 1424 1117 1462 habere
1146 1422 1265 1470 velit3

313 1489 379 1526 Set
408 1488 535 1535 miser,
566 1489 617 1526 ad
646 1495 778 1538 portas
808 1487 876 1538 qui
906 1490 1049 1526 clamat
1078 1496 1116 1527 et
1145 1487 1295 1537 indiget
1325 1487 1434 1534 escis,

313 1555 434 1591 Heu!
473 1566 603 1603 neque
632 1553 734 1592 mica
763 1555 878 1592 datur
906 1568 979 1592 nec
1008 1553 1137 1604 liquor
1157 1555 1256 1591 vllus
1286 1552 1332 1591 ei.

313 1618 350 1656 O
379 1619 488 1665 deus,
520 1617 560 1655 in
589 1625 737 1667 quanta
765 1618 852 1656 talis
881 1618 953 1656 tibi
982 1620 1099 1657 laude
1128 1624 1309 1664 meretur,

314 1683 424 1720 Dans
452 1682 639 1720 alimenta
668 1682 766 1730 cani,
798 1696 876 1732 que
905 1690 1021 1733 negat
1049 1683 1133 1733 ipse
1161 1682 1266 1720 viro!

366 1746 443 1784 Vix
472 1746 546 1784 sibi
575 1748 673 1784 festa
702 1746 785 1785 dies
816 1761 924 1785 sacra
952 1749 1013 1786 vel
1042 1746 1188 1785 ieiunia
1216 1747 1371 1792 tollunt,

313 1811 423 1860 Quin
452 1824 591 1849 nemus
621 1811 661 1848 in
691 1811 854 1849 canibus
884 1811 1020 1849 circuit
1049 1811 1133 1861 ipse
1163 1810 1266 1848 suis:

314 1878 474 1916 Clamor
502 1876 542 1913 in
572 1889 638 1914 ore
667 1889 821 1922 canum,
854 1877 950 1914 dum
979 1876 1241 1915 vociferantur
1269 1875 1308 1912 in
1338 1888 1470 1921 vnum,

316 1943 387 1979 Est
416 1939 489 1978 sibi
519 1953 722 1990 campana,
754 1940 930 1990 psallitur
958 1942 1062 1979 vnde
1092 1942 1180 1979 deO.

316 2008 400 2044 Stat
429 2005 503 2044 sibi
532 2005 651 2043 missa
680 2005 821 2053 breuis,
853 2005 1022 2044 deuocio
1050 2008 1247 2056 longaque
1276 2003 1437 2054 campis,

318 2071 411 2119 Quo
441 2069 515 2108 sibi
544 2078 722 2108 cantores
752 2071 917 2120 deputat
946 2083 1030 2109 esse
1060 2083 1201 2109 canes:

316 2134 380 2173 Sic
409 2136 520 2184 lepus
550 2142 588 2172 et
617 2134 743 2184 vulpis
773 2142 864 2173 sunt
893 2148 992 2185 quos
1022 2135 1145 2184 magis
1175 2135 1259 2184 ipse
1288 2133 1475 2184 requirit3

317 2201 426 2238 Dum
456 2206 569 2238 sonat
598 2213 664 2238 ore
693 2202 824 2247 deum,
856 2207 931 2238 stat
960 2199 1034 2238 sibi
1063 2207 1196 2238 mente
1224 2201 1347 2250 lepus.

318 2264 382 2303 Sic
411 2264 530 2314 agitat
558 2264 685 2314 vulpis
714 2266 874 2315 vulpem
904 2264 1039 2302 similis
1070 2264 1319 2314 similemque

317 2328 468 2378 Querst,
499 2330 595 2367 dum
624 2329 810 2367 iuuenem
839 2330 1003 2367 deuorat
1031 2328 1115 2379 ipse
1143 2342 1299 2379 gregem
1315 2343 1325 2376 3

317 2395 423 2432 Nam
452 2407 571 2444 vagus
601 2395 775 2444 explorat
803 2393 869 2432 vbi
898 2401 989 2431 sunt
1017 2394 1180 2444 pulchre
1209 2392 1391 2430 mulieres

319 2458 445 2496 Etatis
474 2465 616 2505 tenere,
649 2466 783 2508 pascat
811 2466 851 2496 vt
880 2457 973 2497 inde
1001 2459 1170 2496 famem:

319 2522 427 2561 Talis
456 2523 561 2561 enim
590 2531 716 2562 rector
745 2523 973 2561 mulieribus
1002 2522 1218 2569 insidiatur,

320 2589 435 2626 More
464 2587 546 2637 lupi
574 2589 725 2625 clausas
755 2587 977 2625 circuientis
1006 2599 1112 2625 oues.

321 2655 431 2691 Dum
460 2652 567 2690 videt
594 2652 677 2702 ipse
707 2666 842 2691 senem
872 2665 1062 2702 sponsum
1092 2663 1279 2702 sponsam
1307 2649 1584 2699 iuuenemque,

318 2719 436 2756 Tales
465 2717 539 2756 sub
567 2730 659 2755 cura
686 2717 815 2756 visitat
842 2717 925 2768 ipse
955 2730 1050 2764 suag

321 2784 458 2833 Suplet
485 2782 541 2821 ibi
569 2790 694 2821 rector
722 2781 895 2832 regimen
925 2780 1070 2832 sponsi,
1102 2793 1179 2830 que
1208 2781 1351 2818 decore

575 2895 658 2935 1498
681 2895 753 2926 Nec
770 2895 828 2926 (ΞΕ
963 2896 1047 2934 1518
1071 2894 1276 2925 circueuntis
1293 2893 1321 2924 C

912 2962 934 2988 L
958 2964 976 2988 2

1582 788 1668 820 1490

1588 1435 1671 1467 1500

1585 2083 1671 2114 1510

1591 2729 1675 2761 1520
