2095 3173
429 233 483 273 50
899 221 1031 262 vox
1071 221 1432 263 CLAMANTIS

539 329 606 367 Set
635 329 780 378 patitur
808 329 996 366 dominus
1025 328 1122 378 quid
1151 327 1226 367 sibi
1256 341 1393 367 seruus
1421 334 1520 378 agat.

539 395 616 431 Vix
647 393 819 432 Hecube
847 393 1009 431 thalami
1039 400 1222 442 poterant
1252 400 1347 431 tunc
1377 406 1464 432 esse
1493 393 1626 443 quieti,

540 460 649 508 Quin
678 459 792 497 dolor
821 459 983 496 interius
1013 459 1200 508 languida
1228 459 1349 497 corda
1378 466 1538 507 mouet,

539 526 604 563 Set
635 536 765 573 neque
793 531 889 562 tunc
918 530 1071 573 poterat
1101 524 1140 561 in
1169 524 1340 562 turribus
1371 524 1475 562 Ilion
1505 524 1592 562 altis

538 592 575 628 A
604 590 712 627 furiis
740 589 919 627 clausum
948 589 1157 628 fortificare
1185 590 1322 627 virum.
1817 605 1903 628 1000

476 731 554 766 Hic
580 731 741 765 tractat
766 730 992 765 secundum
1014 729 1226 765 visionem
1252 731 1445 774 sompnii,
1470 730 1591 774 quasi
1617 739 1690 775 per
1715 730 1902 774 figuram,

431 790 481 824 de
505 790 641 824 morte
667 788 986 823 Cantuariensis
1010 789 1338 833 Archiepiscopi.

207 874 336 922 Capru.
359 872 449 909 xiiii.
513 871 549 910 O
579 871 645 920 qui
674 870 888 919 palladium
920 870 1040 908 Troie
1069 869 1252 908 seruabat
1280 870 1331 908 ab
1360 883 1437 917 ara,

431 937 614 975 Helenus
644 936 822 974 Antistes
852 941 986 985 raptus
1016 935 1056 972 in
1086 947 1182 973 ense
1211 935 1334 984 perit:

431 1002 613 1041 Predicat
642 1002 726 1051 ipse
755 1002 848 1040 satis
878 1001 984 1050 prius
1014 1007 1054 1038 vt
1083 999 1159 1038 sibi
1190 1001 1268 1039 vita
1297 1001 1467 1047 daretur,

431 1068 518 1106 Nec
543 1075 677 1105 tamen
706 1067 747 1104 in
777 1067 918 1105 melius
947 1066 1068 1104 corda
1097 1066 1222 1104 ferina
1251 1072 1401 1104 mouet.

431 1134 503 1171 Est
532 1133 624 1171 satis
653 1133 731 1171 hoc
760 1133 870 1181 quod
898 1132 963 1178 ait,
996 1132 1027 1170 si
1056 1131 1186 1181 gracia
1214 1138 1392 1181 tangeret
1421 1144 1545 1179 aures,

430 1199 498 1237 Set
527 1210 597 1236 sua
626 1210 697 1248 pro
727 1198 837 1236 nullo
867 1197 1045 1246 pondere
1074 1197 1194 1236 verba
1223 1198 1379 1236 ferunt:

430 1264 634 1313 Quicquid
664 1264 704 1301 in
734 1263 924 1312 exemplis
954 1263 1007 1301 ibi
1039 1263 1136 1301 dixit
1165 1262 1216 1301 ab
1245 1275 1339 1301 aure
1368 1262 1541 1309 recessit,

430 1331 481 1367 Et
510 1329 633 1379 magis
663 1329 704 1366 in
733 1328 885 1366 facinus
915 1329 1075 1366 credula
1106 1327 1220 1366 turba
1250 1329 1334 1366 fuit.

427 1397 544 1433 Tunc
573 1401 730 1433 resonat
759 1407 936 1432 murmur
963 1394 1183 1443 ingensque
1210 1394 1403 1431 tumultus
1431 1394 1483 1432 ad
1511 1393 1649 1431 horam

431 1461 610 1508 Tollitur,
642 1467 681 1498 et
710 1460 880 1497 multum
911 1459 1126 1497 sedicionis
1156 1458 1300 1498 habet:
1822 1471 1907 1494 1010

433 1525 587 1564 Litibus
617 1525 815 1575 agreditur
842 1525 1004 1563 virtutes
1035 1524 1148 1573 plebs
1177 1524 1380 1571 viciorum,

432 1590 738 1639 Conturbatque
768 1602 921 1627 sacrum
952 1590 1111 1628 sordida
1140 1589 1256 1627 turba
1285 1590 1436 1627 forum:

432 1657 543 1695 Bella
572 1661 708 1694 mouet
737 1668 830 1693 cum
860 1655 997 1693 fraude
1026 1655 1138 1702 fides,
1171 1668 1262 1692 cum
1292 1655 1456 1693 crimine
1485 1654 1622 1701 virtus,

433 1722 537 1761 Cum
568 1721 714 1770 pietate
743 1721 882 1766 scelus,
914 1733 1006 1758 cum
1036 1720 1195 1759 racione
1224 1721 1352 1759 furor:

433 1788 610 1825 Affectus
640 1787 691 1825 de
720 1786 840 1825 corde
869 1786 956 1835 pios
986 1798 1067 1824 non
1098 1786 1259 1835 suscipit
1282 1787 1427 1835 hospes

435 1853 636 1902 Impietas,
668 1859 843 1890 mentem
874 1852 1020 1890 deserit
1050 1852 1140 1889 exul
1170 1864 1291 1890 amor.

489 1919 569 1957 Scit
598 1918 697 1956 deus
726 1918 799 1956 hos
829 1918 1011 1956 homines
1041 1918 1240 1956 siluestres
1270 1918 1360 1967 igne
1389 1916 1582 1966 perhenni

435 1984 590 2033 Dignos
619 1989 660 2021 et
688 1982 879 2032 reprobos
908 1995 931 2020 a
960 1982 1119 2020 racione
1149 1995 1280 2032 vagos.

436 2049 472 2088 O
503 2049 638 2088 dolor
667 2049 713 2085 in
741 2048 898 2098 gestis,
931 2048 968 2086 O
997 2055 1129 2096 gesta
1158 2048 1411 2096 nephanda
1440 2047 1646 2085 doloris!

436 2115 552 2152 Sunt
581 2113 727 2162 magis
757 2113 842 2150 hec
873 2112 1049 2150 baratri
1079 2125 1215 2161 quam
1245 2113 1499 2150 malefacta
1527 2112 1628 2149 viri.
1824 2126 1909 2148 1020

437 2181 541 2218 Non
571 2179 658 2216 fuit
687 2179 939 2215 humanum
969 2177 1124 2214 scelus
1154 2178 1252 2224 hoc,
1285 2177 1411 2226 quod
1441 2177 1611 2215 demon
1640 2175 1874 2226 agendum

437 2245 581 2283 Duxit
609 2244 666 2282 ab
697 2243 885 2281 inferno
915 2249 1004 2280 tam
1035 2242 1273 2280 violenter
1302 2243 1455 2280 humo.

437 2310 572 2349 Plebs
601 2309 714 2347 furit
743 2309 788 2346 in
818 2314 963 2355 tanto,
996 2308 1140 2346 Cristi
1170 2307 1295 2357 quod
1324 2319 1480 2345 amore
1508 2307 1678 2345 relicto

437 2376 573 2414 Turba
602 2375 708 2413 rudis
738 2380 889 2423 patrem
919 2373 1044 2411 nescit
1073 2371 1219 2410 habere
1248 2373 1382 2411 deum.

480 2478 546 2508 999
569 2467 663 2508 ylion
680 2465 738 2498 CE
801 2465 904 2496 Olion
924 2463 1026 2503 (rubr.
1045 2464 1154 2504 ylion)
1174 2464 1204 2494 D
1373 2473 1566 2503 1019-1023
1597 2462 1675 2494 Text
1688 2473 1765 2494 over
1779 2473 1910 2494 erasure

439 2520 565 2552 SCHG
613 2519 748 2550 without
762 2528 893 2549 erasure
909 2516 937 2547 E
982 2516 1035 2546 As
1041 2516 1176 2556 follows
1192 2517 1226 2547 in
1245 2516 1275 2546 D

656 2570 735 2601 Non
757 2579 915 2610 pungens
938 2578 1086 2606 ramnus,
1112 2569 1174 2598 sed
1199 2567 1289 2599 oliua
1313 2568 1437 2606 nitens,
1464 2567 1522 2598 scd
1542 2568 1712 2598 adornans

658 2623 770 2660 Ficus,
794 2623 856 2653 sed
879 2621 1004 2652 blanda
1026 2621 1118 2659 vitis,
1142 2620 1302 2651 abhorret
1326 2630 1408 2650 eos:
1806 2619 1909 2650 1020*

658 2675 734 2706 Non
759 2684 915 2705 summus
936 2672 1094 2704 dominus
1119 2673 1206 2712 regit
1228 2672 1304 2711 hos,
1330 2682 1397 2702 non
1424 2672 1561 2711 spiritus
1583 2671 1704 2711 almus,

658 2727 731 2758 Nec
755 2726 812 2757 lex
835 2737 900 2757 nec
923 2725 1055 2756 cristus
1079 2729 1160 2755 tunc
1184 2724 1377 2755 dominatur
1400 2724 1471 2762 eis;

659 2778 810 2817 Namque
833 2782 1022 2808 creatorem
1047 2776 1141 2807 nullo
1165 2781 1379 2807 venerantur
1399 2776 1545 2813 honore,

439 2831 518 2863 TH2
533 2831 604 2862 also
620 2830 702 2861 have
717 2831 780 2860 this
795 2833 869 2868 text,
888 2830 946 2860 but
959 2829 992 2859 in
1009 2828 1030 2860 l.
1052 2838 1133 2859 1021
1153 2828 1234 2858 these
1250 2827 1329 2858 read
2073 2806 2079 2883 '

659 2882 819 2913 Summus
843 2882 967 2913 demon
991 2880 1080 2911 euim
1105 2879 1192 2919 regit
1216 2880 1278 2911 hos
1303 2889 1380 2910 nam
1405 2879 1544 2919 spiritus
1566 2878 1674 2910 almus
