2121 3173
604 220 837 262 TERCIA
869 220 1026 261 PARS
1574 231 1653 270 335

189 329 340 368 Omnes
371 335 474 367 sorte
502 327 585 379 pari
615 328 799 367 dubitant
828 341 906 378 qua
934 335 1043 378 parte
1072 326 1208 366 iuuari.

188 395 304 432 Tune
332 395 488 443 fortuna
517 402 642 432 rotam
673 393 831 432 diuertit
859 394 910 432 ab
939 393 1033 432 inde
1061 400 1265 440 remotam,
1495 406 1555 439 190

189 459 376 508 Cecaque
404 458 630 509 permansit,
663 459 759 497 dum
789 472 855 497 rex
884 471 999 508 super
1028 471 1176 508 equora
1204 455 1351 496 transit.

190 524 303 572 Quos
332 524 496 573 laqueos
526 522 618 561 fecit
646 522 687 560 in
716 536 795 570 eos,
827 536 898 561 sua
926 524 1043 573 culpa
1070 521 1214 568 reiecit,

189 587 271 637 Qui
298 586 503 638 laqueatus
533 587 615 634 erit,
646 586 769 637 patrie
797 588 894 626 dum
923 586 1053 625 littora
1080 586 1218 637 querit.

191 654 285 691 Hoc
313 666 396 691 non
425 652 619 699 obstante,
651 660 770 690 vento
799 659 932 690 tamen
961 651 1192 702 exagitante,

190 719 352 756 Portum
382 718 540 756 fatalem
571 730 653 755 sors
682 717 812 756 reddit
841 717 876 755 ei
905 717 1116 767 specialem
1131 732 1142 766 3

191 785 320 833 Inque
349 796 438 820 suas
468 783 599 820 claues
629 781 733 832 cepit
763 783 843 821 fera
872 782 1012 820 Wallia
1040 796 1174 831 naues,

191 849 301 897 Quas
331 847 410 886 cito
439 847 631 895 dissoluit,
662 847 761 898 regis
790 861 881 886 curn
911 850 1014 886 faeta
1042 848 1220 887 reuoluit.

191 915 278 952 Rex
307 913 466 951 mittens
497 920 620 951 sortes
650 913 855 952 mandauit
883 913 1029 952 habere
1058 915 1252 961 cohortes,

190 979 257 1016 Set
286 976 408 1015 nichil
436 976 600 1025 inuenit,
631 976 697 1015 vbi
726 977 854 1028 gracia
882 979 990 1016 nulla
1018 978 1179 1017 reuenit.

193 1044 286 1081 Hoc
315 1042 369 1080 ita
397 1056 570 1093 cumque
598 1042 745 1089 vident,
777 1042 940 1093 quidam
970 1043 1044 1081 sub
1074 1056 1273 1082 murmure
1302 1042 1441 1090 rident,
1495 1057 1558 1080 200

192 1109 243 1146 Et
273 1107 435 1158 quidam
466 1109 604 1146 flentes
634 1109 787 1146 fuerant
817 1109 867 1146 de
896 1109 1016 1147 corde
1045 1109 1250 1147 dolentes:

193 1174 385 1223 Prospera
414 1187 492 1223 que
520 1172 657 1221 nescit,
689 1180 784 1211 ωηο
813 1173 918 1223 regia
947 1187 1095 1224 pompa
1123 1173 1293 1221 recessit,

193 1238 374 1288 Quisque
402 1238 506 1276 viam
535 1238 649 1276 vertit
678 1238 820 1286 subito,
852 1252 926 1277 nec
954 1240 1006 1277 ad
1034 1253 1143 1277 arma
1171 1238 1340 1278 reuertit.

191 1305 307 1342 Tunc
336 1317 411 1350 rex,
443 1311 484 1341 vt
512 1303 618 1351 dicit,
650 1317 720 1342 sua
747 1305 827 1341 fata
854 1305 994 1342 dolens
1024 1304 1233 1352 maledicit,

193 1370 280 1407 Nec
309 1368 421 1407 timet
450 1368 542 1407 hinc
573 1368 756 1416 Cristum‚
789 1370 985 1407 mundum
1014 1383 1088 1408 nec
1117 1368 1320 1408 abhorruit
1348 1368 1478 1416 istum,

192 1432 287 1470 Non
316 1439 375 1470 est
403 1431 605 1479 contritus,
636 1445 710 1470 nec
739 1433 821 1469 vult
850 1431 1047 1470 dimittere
1075 1431 1181 1480 ritus,

191 1495 246 1532 Vt
274 1493 381 1544 prius
410 1493 562 1541 errauit,
595 1493 650 1532 sic
680 1507 834 1544 semper
864 1494 1112 1532 continuauit
1126 1509 1137 1543 3

194 1558 258 1597 Sic
286 1558 377 1597 furit
406 1558 490 1609 ipse
519 1559 630 1597 malis
660 1573 815 1609 semper
844 1559 928 1598 sine
962 1561 1046 1610 lege
1076 1559 1215 1607 feralis,

193 1623 391 1675 Principio
420 1624 546 1675 qualis
575 1632 745 1672 steterat,
776 1632 852 1663 stat
880 1626 1038 1675 fineque
1067 1625 1165 1663 talis.

194 1691 344 1729 Cautus
373 1697 414 1728 vt
442 1689 595 1729 inuadit
623 1703 756 1741 agnos,
789 1703 889 1740 quos
918 1692 1050 1729 ledere
1079 1690 1197 1738 vadit,
1499 1706 1562 1727 210

193 1754 346 1804 Vulpis,
378 1754 419 1792 in
448 1757 606 1793 occulto
636 1755 690 1793 sic
719 1769 785 1793 rex
814 1769 836 1793 a
864 1763 1042 1805 ternpore
1071 1757 1209 1803 multo,

196 1821 362 1858 Pectore
391 1819 524 1858 subtili
553 1819 707 1858 iuuenis
737 1820 810 1858 sub
840 1821 977 1858 fraude
997 1819 1119 1867 senili,

195 1885 329 1924 Omne
358 1886 484 1922 scelus
513 1884 651 1935 poscit,
683 1898 846 1935 regnum
877 1898 956 1934 quo
985 1886 1149 1934 perdere
1177 1884 1325 1934 possit:

195 1951 312 1987 Tunc
342 1962 458 1999 super
487 1963 607 1987 omne
636 1957 769 1987 tamen
799 1948 997 1999 conspirat
1026 1949 1172 1988 habere
1200 1951 1395 1996 leuamen,

196 2015 315 2053 Vnde
343 2014 456 2053 ducis
486 2022 630 2053 sortem
661 2016 767 2053 fallat
796 2014 997 2065 fugiatque
1026 2015 1242 2053 cohortem.

197 2079 307 2118 Hinc
336 2087 599 2129 perscrutatur
627 2081 742 2118 dolus
771 2087 810 2118 et
838 2081 941 2118 fraus
970 2079 1233 2128 continuatur,

197 2145 237 2184 Si
267 2144 363 2195 quid
392 2146 579 2195 prodesse
608 2144 751 2195 poterit
779 2152 945 2195 cogente
974 2158 1159 2183 necesse:

199 2212 270 2248 Est
298 2209 354 2248 ibi
382 2209 439 2247 vis
468 2211 585 2257 nulla,
617 2212 723 2248 velut
751 2223 795 2248 os
824 2210 923 2260 perit
951 2210 1103 2260 absque
1131 2212 1320 2259 medulla,

199 2275 286 2312 Rex
315 2273 382 2323 qui
410 2287 526 2324 posse
555 2282 660 2312 caret
688 2288 760 2325 pro
788 2282 882 2313 tunc
912 2274 996 2313 sine
1025 2275 1171 2313 viribus
1200 2283 1306 2313 aret:

199 2341 273 2377 Per
300 2339 398 2385 loca,
429 2352 498 2389 per
526 2346 651 2377 castra
679 2339 786 2390 fugit,
819 2347 856 2378 et
885 2339 917 2378 si
945 2347 1040 2378 tunc
1069 2354 1186 2390 super
1213 2348 1316 2379 astra
1501 2358 1563 2380 220

198 2405 395 2443 Scandere
424 2404 612 2452 sciuisset,
643 2406 919 2444 transcendere
948 2413 1042 2443 tunc
1071 2405 1269 2444 voluisset.

201 2467 264 2506 Sic
293 2476 424 2506 tumor
452 2470 575 2507 elatus
605 2483 730 2519 nuper
758 2477 839 2508 tam
869 2470 1142 2519 magnificatus

201 2534 272 2570 Est
300 2531 418 2570 timor
445 2534 617 2580 effectus,
650 2533 805 2572 latitans
837 2533 949 2584 quasi
979 2536 1084 2584 talpa
1113 2533 1290 2573 reiectus.

201 2598 335 2645 Quem
364 2609 446 2634 non
474 2606 673 2646 preseruat
703 2598 865 2646 Cristus,
898 2612 939 2636 se
968 2611 1049 2636 non
1079 2599 1201 2636 homo
1231 2607 1370 2648 seruat,

202 2662 253 2698 Et
282 2659 463 2710 quamuis
493 2663 602 2700 tarde
631 2663 681 2700 de
710 2670 748 2700 te
777 2664 918 2712 loquor
947 2662 1029 2708 ista,
1062 2662 1243 2702 Ricarde.

255 2724 424 2775 Peruigil
453 2738 476 2763 a
505 2726 680 2776 sompnis
710 2729 818 2777 quod
848 2727 990 2766 dicitur
1017 2727 1152 2766 audiat
1181 2728 1320 2776 omnis,

203 2791 254 2829 Et
283 2791 392 2840 quod
421 2790 573 2829 dicetur
601 2791 727 2842 regnis
757 2792 1074 2843 exemplificetur.
1625 2769 1782 2808 Qualiter
1795 2781 1856 2802 rex
1876 2772 1991 2803 Ricar'

1581 2813 1644 2844 dus
1663 2824 1738 2844 cum
1761 2817 1832 2847 suis
1853 2816 1992 2847 fautori-

455 2881 516 2912 197
541 2871 608 2903 sata
625 2872 652 2903 C
873 2884 938 2913 219
962 2878 1105 2912 protunc
1123 2873 1203 2904 cHa
