2095 3173
684 229 873 270 LIBER
912 229 1185 270 TERCIUS
1591 243 1665 282 157

308 334 537 374 Presbiteris
566 335 709 374 nostris
738 335 891 375 mistica
919 335 1003 374 iura
1031 343 1153 375 notat.

309 401 383 438 Illa
411 400 606 439 sacerdoti
635 414 712 451 que
742 408 892 452 spectat
920 415 1009 452 pars
1038 399 1269 447 holocausti,

309 465 464 505 Curatis
493 466 635 504 nostris
665 474 724 505 est
753 468 1012 505 memoranda
1040 466 1157 505 satis:
1583 472 1668 512 1840

309 531 481 580 Heeque
511 531 725 570 sacerdotis
755 539 846 570 sunt
874 539 1014 581 partes,
1046 538 1184 581 pectus
1213 537 1253 569 et
1280 543 1411 568 armus
1448 544 1450 547 ’

309 595 471 634 Diuisus
500 597 646 644 dexter,
677 598 762 646 lege
790 596 952 635 iubente
981 610 1100 635 sacra.

308 662 452 699 Pectus
482 661 661 700 doctrine
689 663 800 700 locus
829 669 898 708 est,
930 675 1023 700 nam
1053 661 1221 711 quisque
1250 661 1433 699 sacerdos

308 726 441 764 Debet
470 725 669 765 subiectos
699 734 805 765 recta
834 728 977 765 docere
1007 739 1124 764 suos:
1284 724 1292 731 '

308 790 468 829 Forcior
496 799 555 829 est
582 805 715 830 armus
745 793 891 839 dexter,
922 791 1129 842 signatque
1158 792 1268 841 quod
1297 790 1381 830 eius

306 857 431 894 Actus
461 855 509 894 sit
538 856 658 903 fortis,
691 858 799 895 nulla
827 856 981 895 sinistra
1009 869 1172 906 gerens:

307 922 453 960 Armus
483 921 633 960 diuisus
663 923 782 960 docet
809 929 850 960 vt
878 921 1052 960 viuendo
1081 922 1265 960 sacerdos

308 987 486 1025 Excedat
514 987 718 1036 populum,
750 986 806 1024 nil
835 988 1024 1037 populare
1053 999 1203 1036 gerens.

243 1100 245 1103 ι
307 1052 402 1089 Non
432 1058 490 1089 est
519 1058 600 1089 tam
631 1050 834 1089 modicum
865 1051 961 1101 quid
990 1050 1031 1088 in
1061 1050 1200 1089 ordine
1228 1049 1546 1100 presbiterorum,

308 1117 469 1155 Grande
499 1115 703 1154 ministerii
733 1115 829 1166 quin
859 1115 933 1154 sibi
962 1117 1121 1166 pondus
1150 1115 1271 1154 habet
1286 1129 1297 1163 ς
1586 1123 1669 1164 1850

307 1183 413 1220 Nam
443 1183 504 1220 lex
533 1181 666 1220 iuncta
694 1189 806 1220 vetus
835 1194 927 1220 cum
956 1183 1042 1231 lege
1070 1194 1176 1219 noua
1205 1180 1459 1219 manifestant

306 1246 496 1297 Vndique
524 1246 760 1297 presbiteros
790 1248 899 1297 quod
929 1247 1045 1285 decet
1073 1259 1159 1285 esse
1189 1259 1330 1284 sacros.

307 1313 445 1350 Petrus
474 1311 514 1349 in
543 1313 697 1350 Aurora
725 1325 803 1362 que
832 1311 1002 1350 scribam
1032 1310 1196 1360 scripsit,
1227 1318 1266 1349 et
1295 1310 1360 1350 ille

307 1377 437 1416 Testis
466 1377 507 1415 in
536 1378 611 1415 hac
640 1390 759 1415 causa
787 1382 906 1416 verus
930 1384 969 1416 et
997 1384 1135 1415 auctor
1163 1376 1245 1415 erit.

361 1444 445 1481 Lex
472 1451 584 1481 vetus
612 1441 687 1480 ista
714 1441 835 1490 iubet,
866 1456 979 1488 noua,
1002 1455 1080 1492 que
1109 1443 1327 1490 confirmat,
1359 1449 1399 1480 vt
1428 1441 1561 1480 omnis

309 1507 540 1546 Sacrificans
569 1506 644 1545 aris
674 1506 936 1545 inmaculatus
966 1506 1037 1545 erit
1052 1521 1063 1555 3

308 1573 473 1623 Absque
503 1572 563 1611 sui
591 1574 747 1611 macula
775 1572 824 1611 sit
853 1572 1027 1623 corporis
1056 1579 1166 1611 actus
1196 1579 1235 1611 et
1264 1571 1359 1619 eius,

309 1638 504 1689 Displicet
532 1639 637 1677 vnde
667 1640 754 1686 deo,
786 1639 878 1677 feda
906 1652 980 1677 nec
1010 1639 1086 1676 vlla
1114 1645 1247 1688 gerat:

307 1706 403 1743 Non
432 1704 577 1742 habeat
605 1705 813 1750 maculam,
845 1717 920 1742 nec
949 1702 998 1741 sit
1027 1702 1195 1741 mixtura
1222 1710 1363 1750 reatus,

308 1771 371 1808 Ne
400 1783 543 1820 purum
572 1770 743 1807 maculet
771 1768 883 1807 accio
912 1781 1034 1818 praua
1062 1768 1226 1806 bonum.
1589 1760 1678 1806 1860'

309 1836 399 1884 Que
428 1842 561 1872 tamen
590 1835 665 1872 hee
694 1835 848 1871 macule
877 1833 1062 1871 dicuntur
1090 1833 1131 1870 in
1160 1832 1299 1872 ordine
1328 1832 1469 1879 dicam,

311 1900 507 1939 Presbiter
535 1906 576 1937 vt
604 1901 728 1937 lector
757 1899 806 1937 sit
835 1898 958 1949 magis
987 1898 1081 1937 inde
1110 1911 1273 1936 memor.

310 1965 465 2003 Dicitur
493 1964 558 2003 hic
587 1978 715 2011 cecus,
748 1963 816 2014 qui
846 1963 986 2002 mundi
1014 1965 1177 2014 puluere
1205 1965 1346 2014 plenus

309 2032 375 2069 Ad
404 2032 540 2068 lumen
569 2029 647 2068 vite
677 2042 836 2079 carpere
865 2028 990 2067 nescit
1018 2028 1114 2066 iter:

311 2098 382 2134 Est
411 2095 555 2146 lippus,
583 2094 694 2132 cuius
725 2107 837 2132 mens
866 2093 1025 2144 ingenio
1055 2092 1174 2130 micat
1202 2091 1318 2139 intus,

309 2162 376 2200 Set
404 2161 559 2199 carnale
587 2167 721 2198 tamen
750 2158 833 2197 eius
863 2165 1004 2209 opacat
1033 2171 1157 2208 opus:

309 2225 468 2276 Albugo
497 2232 607 2263 cecat
636 2226 784 2272 oculos,
816 2231 855 2262 et
885 2225 1048 2262 denotat
1077 2223 1188 2261 illum

310 2290 391 2340 Qui
419 2298 555 2338 tumet,
586 2289 787 2328 ascribens
816 2288 988 2327 candida
1015 2290 1118 2327 facta
1148 2287 1247 2326 sibi:

311 2358 382 2394 Est
410 2342 533 2406 parub
562 2368 659 2393 naso
688 2354 755 2405 qui
785 2368 859 2393 nec
888 2354 1110 2393 discernere
1138 2366 1260 2404 parua

309 2420 470 2467 Sufficit,
501 2428 540 2459 et
569 2420 678 2470 quod
706 2419 785 2470 agit
813 2419 965 2469 perficit
993 2419 1144 2468 absque
1174 2419 1278 2455 sale:
1583 2424 1668 2465 1870

312 2488 383 2524 Est
412 2485 535 2523 nimio
564 2498 672 2532 naso,
705 2484 773 2535 qui
802 2497 884 2522 non
913 2483 1093 2533 intelligit
1122 2482 1220 2521 illud

311 2552 434 2600 Quod
462 2549 564 2601 legit,
595 2558 634 2589 et
662 2551 826 2589 doctum
856 2562 898 2587 se
927 2556 1060 2587 tamen
1089 2547 1173 2598 ipse
1201 2546 1318 2585 facit:

312 2618 383 2655 Est
412 2623 514 2654 torto
543 2628 651 2663 naso,
683 2614 751 2665 qui
779 2616 896 2653 dulce
925 2615 1066 2652 fatetur
1094 2625 1283 2659 amarum,

313 2683 364 2720 Et
393 2688 549 2719 sanctos
577 2687 687 2718 actus
716 2679 864 2718 iudicat
893 2692 978 2717 esse
1008 2679 1156 2716 malos:

313 2748 384 2784 Est
413 2746 587 2792 claudus,
619 2744 686 2794 qui
714 2744 827 2783 nouit
855 2743 937 2791 iter,
969 2751 1027 2782 set
1056 2755 1209 2781 currere
1237 2743 1371 2781 tardus

314 2813 441 2850 Heret
469 2810 510 2848 in
538 2811 616 2848 hoc
644 2811 807 2857 mundo,
839 2822 955 2848 carne
984 2807 1129 2858 ligante
1157 2807 1326 2857 pedem:

590 2887 674 2927 1863
698 2886 840 2927 puluere
857 2886 952 2918 CEH
998 2885 1140 2916 vulnere
1156 2884 1279 2916 SGDL
