2095 3173
675 205 865 246 LIBER
905 205 1179 246 TERCIUS

300 312 393 359 Quo
422 310 512 349 furit
541 310 642 350 illius
671 310 853 362 impetus,
885 324 1004 349 omne
1033 310 1121 349 terit
1136 325 1146 358 ,-

299 376 363 414 Sic
392 383 431 415 et
459 376 500 415 in
528 376 687 415 incastis
717 376 905 426 exemplis
934 376 1238 426 presbiterorum

300 441 478 480 Indoctis
507 441 614 480 laicis
643 443 734 480 feda
762 441 886 480 libido
916 449 1044 480 nocet.

300 506 367 544 Nil
395 520 609 545 commune
637 514 777 556 gerunt
805 508 917 545 luxus
947 506 1021 545 sibi
1051 520 1142 545 cum
1172 506 1339 553 racione,

298 573 520 622 Corporeos
551 585 688 611 sensus
717 571 894 622 quinque
924 571 1047 610 libido
1077 580 1250 611 cremat:

298 639 410 686 Quos
440 637 526 675 talis
556 638 728 675 maculat
756 644 851 675 nota
880 636 966 674 talis
996 650 1099 687 pena
1128 644 1323 687 sequetur,

297 703 461 740 Illorum
489 715 592 752 pene
621 703 784 752 sulphur
813 709 851 740 et
879 701 978 752 ignis
1008 709 1132 740 erunt.

295 768 558 806 Consuetudo
586 774 720 805 tamen
749 768 849 805 solet
877 774 1080 805 attenuare
1110 768 1315 817 pudorem,

295 832 446 871 Reddit
474 840 513 871 et
541 833 734 871 audacem
764 845 883 881 quem
913 845 1023 869 mora
1052 833 1169 881 longa
1198 831 1326 870 trahit.

295 898 389 936 Non
418 911 582 948 peccare
611 904 751 948 putant
780 898 890 946 quod
919 896 1050 947 sepius
1081 898 1216 935 oscula
1244 896 1417 947 iungant,

293 963 443 1002 Oscula
471 976 563 1000 narn
592 962 700 1013 pacis
730 961 840 1012 signa
868 975 1003 1012 parare
1033 963 1189 1010 solent‚·

294 1029 445 1078 Estque
474 1041 609 1078 parare
638 1027 743 1078 piam
773 1040 913 1077 pacem
942 1026 1140 1065 meritoria
1168 1040 1297 1074 causa,

293 1094 380 1132 Nec
409 1092 493 1131 sine
522 1106 619 1143 pace
648 1092 717 1131 diu
746 1099 821 1130 stat
850 1091 1004 1142 pietatis
1032 1105 1169 1130 amor:

293 1158 357 1197 Sic
386 1158 426 1196 in
455 1157 678 1209 presbiteris
707 1170 818 1195 amor
846 1164 905 1195 est
933 1157 984 1195 de
1012 1169 1110 1205 pace
1140 1163 1303 1203 creatus,

293 1224 442 1263 Oscula
469 1237 562 1261 narn
592 1222 707 1261 solito
737 1235 847 1260 more
875 1223 1099 1271 frequenter
1127 1229 1258 1271 agunt.

292 1290 427 1327 Altera
455 1296 594 1326 natura
622 1287 759 1326 solitus
788 1286 1032 1337 reputabitur
1061 1299 1164 1334 vsus,

290 1355 395 1392 Vsus
425 1361 463 1392 et
491 1367 514 1391 a
542 1355 661 1402 longo
690 1359 869 1402 tempore
898 1351 981 1389 iura
1010 1350 1139 1401 parit,-

292 1421 504 1469 Immoque
532 1425 670 1456 nature
699 1417 730 1456 si
759 1431 832 1456 nos
862 1418 912 1456 de
941 1417 1024 1455 iure
1052 1418 1272 1467 loquamur,

291 1486 386 1523 Hoc
414 1484 454 1522 in
483 1483 707 1534 presbiteris
737 1483 920 1532 splendet
948 1482 1095 1532 vbique
1124 1482 1272 1532 magis:

291 1552 342 1588 Et
371 1549 403 1588 si
432 1549 506 1587 sub
534 1550 660 1587 forma
689 1547 756 1586 tali
785 1547 862 1586 sint
890 1547 974 1585 iura
1002 1548 1184 1595 creanda,

290 1614 406 1665 Legis
435 1615 545 1665 quod
573 1613 673 1652 vires
701 1612 854 1663 longior
882 1626 973 1651 vsus
1003 1612 1134 1660 habet,

290 1682 406 1718 Tunc
434 1687 532 1730 puto
561 1678 798 1730 presbiteros
827 1692 875 1717 ex
903 1692 975 1716 vsu
1004 1679 1177 1717 condere
1206 1678 1322 1727 leges,

289 1746 437 1784 Oscula
465 1746 562 1783 dum
591 1744 728 1782 crebro
757 1745 854 1782 dant
882 1742 923 1781 in
950 1756 1085 1781 amore
1114 1756 1197 1781 suo.

345 1809 561 1849 Ecclesie
590 1808 783 1859 gremium
812 1815 924 1846 notat
953 1809 1051 1846 ordo
1080 1806 1398 1858 presbiterorum,

288 1877 383 1924 Quo
411 1875 560 1913 debent
588 1874 739 1912 animas
769 1873 840 1911 rite
869 1875 1003 1911 fouere
1032 1873 1187 1920 bonas,-

289 1941 507 1989 Quomodo
536 1947 595 1978 set
622 1938 798 1989 proprias
827 1937 895 1988 qui
924 1951 1006 1976 non
1035 1945 1182 1985 curant,
1213 1937 1360 1975 alienas

289 2005 525 2045 Curabunt?
566 2018 649 2043 non
677 2012 735 2043 est
764 2005 841 2042 hoc
870 2003 1037 2041 racionis
1067 2016 1178 2053 opus.

288 2070 435 2109 Nescio
461 2069 557 2120 quid
587 2069 714 2108 meriti
742 2075 928 2119 poterunt
957 2069 1052 2106 tales
1082 2067 1203 2106 michi
1231 2068 1339 2114 ferre,

289 2135 369 2184 Qui
399 2135 473 2174 sibi
502 2135 556 2172 nil
585 2134 741 2185 proprie
770 2132 1064 2172 commoditatis
1095 2133 1269 2171 habent:

288 2202 393 2238 Nam
421 2206 648 2251 peccatores
676 2198 796 2237 scitur
824 2199 933 2248 quod
962 2211 1044 2235 non
1072 2198 1171 2236 deus
1199 2196 1320 2244 audit,

288 2268 360 2304 Est
387 2265 597 2304 inhonesta
625 2266 702 2304 deo
730 2266 814 2302 laus
844 2271 902 2302 set
930 2263 981 2301 ab
1011 2276 1077 2301 ore
1106 2261 1222 2300 mali:

293 2331 491 2369 Indeuota
518 2331 596 2369 deo
625 2329 693 2380 qui
721 2329 840 2367 verba
868 2327 1076 2379 precancia
1104 2328 1266 2374 confert,

288 2395 431 2434 Iudicii
459 2394 605 2446 proprii
634 2396 808 2444 dampna
837 2394 966 2431 futura
994 2391 1102 2442 petit.

288 2460 369 2509 Qui
397 2462 615 2510 dampnum
645 2466 790 2506 causat,
821 2458 886 2496 hic
915 2459 1090 2507 dampna
1118 2455 1276 2495 dedisse
1304 2455 1467 2502 videtur,

288 2524 406 2564 Ledit
433 2525 502 2575 qui
528 2524 673 2575 patitur
701 2537 779 2574 que
808 2536 993 2562 reuocare
1022 2529 1175 2572 potest:

288 2589 435 2640 Infiigit
463 2597 630 2628 mortem
659 2588 872 2639 languenti,
904 2587 972 2637 qui
1001 2588 1103 2625 valet
1132 2585 1238 2623 illam

288 2656 374 2693 Nec
402 2656 485 2692 vult
513 2655 673 2701 auferre,
705 2661 763 2692 set
792 2653 883 2692 sinit
911 2666 997 2691 esse
1026 2652 1201 2688 malum:

287 2721 422 2758 Presul
451 2719 519 2769 qui
547 2718 678 2766 laicos,
709 2732 801 2756 cum
830 2731 912 2756 non
941 2716 1018 2755 sint
1047 2715 1185 2754 ordine
1213 2713 1333 2765 digni,

287 2784 455 2824 Ordinat
481 2785 533 2823 ad
562 2797 680 2830 sacra,
711 2784 896 2822 scandala
924 2784 1035 2832 plura
1064 2787 1210 2818 mouet.

628 2865 710 2903 1642
736 2864 814 2895 Hoc
833 2863 857 2895 S
905 2863 981 2894 Hec
998 2861 1195 2893 CEHGDL

1582 219 1654 258 151

1571 708 1657 747 1630

1569 1355 1654 1396 1640

1567 2006 1650 2047 1650

1558 2656 1644 2688 1660
