2912 4368
889 846 1073 885 LIBER
1116 845 1357 885 SEXTUS

498 954 560 990 Sic
590 954 748 1002 capiens
779 954 939 1002 capitur,
972 954 1026 991 sic
1057 954 1122 1002 qui
1153 960 1260 990 vorat
1291 953 1373 1002 ipse
1403 958 1568 998 voratur,

498 1019 638 1057 Infelix
668 1020 829 1056 hamum
860 1032 939 1067 quo
969 1020 1144 1067 capietur
1173 1025 1288 1055 amat.

435 1152 511 1185 Hic
554 1153 734 1195 loquitur
770 1153 817 1187 de
852 1153 1073 1186 causidicis
1109 1155 1149 1186 et
1184 1152 1403 1186 aduocatis
1437 1151 1530 1190 illis,
1566 1150 1633 1193 qui
1669 1148 1852 1183 vicinum

389 1212 583 1253 populum
616 1212 905 1255 depredantes,
932 1222 984 1245 ex
1014 1211 1215 1253 bonisque
1248 1211 1398 1243 alienis
1427 1210 1563 1249 ditati,
1592 1208 1854 1251 largissimas

388 1269 467 1302 sibi
494 1271 789 1312 possessiones
814 1270 1060 1312 adquirunt:
1090 1270 1140 1303 de
1167 1270 1313 1311 quibus
1340 1271 1495 1307 tamen,
1521 1270 1569 1302 vt
1594 1267 1754 1307 dicitur,
1781 1267 1854 1299 vix

389 1328 545 1369 gaudet
571 1329 726 1362 tercius
752 1329 884 1362 heres.

279 1414 286 1441 <
303 1410 405 1456 'ap11¹.
429 1409 463 1445 ii.

554 1410 766 1458 l'lusquam
797 1410 898 1448 Cilla
928 1410 1043 1447 maris
1074 1410 1227 1458 rapiens
1257 1409 1329 1446 sibi
1361 1409 1525 1447 deuorat
1555 1409 1689 1454 vndas,

497 1476 731 1513 Causidicus
761 1476 925 1524 patriam
956 1476 1119 1513 deuorat
1150 1475 1232 1523 ipse
1262 1487 1397 1521 suam,

497 1541 589 1577 Plus
622 1554 721 1578 cane
752 1541 819 1589 qui
851 1541 958 1577 siluis
989 1541 1151 1589 predam
1183 1540 1255 1577 sibi
1287 1541 1413 1588 querit
1444 1540 1482 1575 in
1513 1539 1665 1587 amplis,

498 1606 732 1644 Causidicus
763 1607 913 1643 lucrum
946 1606 1071 1654 querit
1102 1605 1246 1642 habere
1277 1618 1419 1649 suum;

500 1672 585 1708 Nec
616 1672 723 1708 canis
758 1672 822 1708 liic
853 1672 1014 1719 predam
1046 1672 1132 1719 plus
1163 1671 1324 1719 stringit.
1356 1670 1451 1707 dum
1482 1669 1584 1718 capit
1615 1669 1719 1705 illam

498 1737 707 1783 Dentibus,
741 1744 779 1774 vt
809 1750 944 1774 carnes
975 1738 1138 1774 deuoret
1169 1737 1251 1784 ipse
1282 1748 1381 1781 suas
1797 1749 1857 1769 110

499 1803 606 1850 Quin
638 1803 725 1851 plus
756 1803 976 1839 causidicus
1008 1802 1158 1850 stringit
1189 1802 1238 1838 de
1268 1801 1352 1849 lege
1382 1800 1578 1845 clientem,

499 1868 649 1904 Munus
680 1875 719 1904 vt
750 1868 898 1916 argenti
930 1868 1051 1915 possit
1081 1867 1226 1904 habere
1253 1866 1339 1904 sibi.

496 1933 548 1969 Vt
579 1934 677 1970 solet
708 1934 897 1981 ancipiter
927 1933 1099 1981 trepidas
1130 1944 1262 1980 vrgere
1292 1929 1509 1976 columbas,

498 1998 731 2035 Causidicus
762 2004 897 2046 gentes
928 2004 1033 2046 viget
1064 2005 1101 2034 et
1131 1997 1237 2045 angit
1268 2009 1355 2034 eas:

496 2063 551 2099 Vt
580 2064 707 2100 tremit
737 2076 836 2111 agna
867 2075 1026 2111 pauens,
1060 2063 1214 2099 nouiter
1243 2074 1320 2109 que
1350 2062 1480 2098 saucia
1511 2061 1618 2098 canis

494 2127 565 2165 Fst
596 2140 712 2165 euasa
743 2128 857 2177 lupis,
892 2140 964 2165 nec
995 2127 1097 2165 bene
1127 2134 1210 2164 tuta
1241 2139 1432 2173 manens,

496 2194 629 2242 thue
661 2194 846 2231 columba
876 2206 947 2231 suo
978 2194 1209 2231 madefactis
1240 2194 1430 2242 sanguine
1461 2192 1604 2241 plumis

499 2260 646 2296 Horret
677 2260 808 2297 adhuc
839 2272 996 2308 vngues,
1030 2259 1183 2296 heserat
1215 2259 1277 2295 illa
1308 2258 1476 2307 quibus3

497 2324 561 2361 Sic
591 2331 707 2372 pauet
737 2337 759 2361 a
788 2325 936 2373 laqueis
966 2337 1176 2373 oppressus
1207 2325 1496 2361 causidicorum

500 2390 665 2438 Pauper,
698 2397 735 2426 et
766 2390 859 2427 inde
889 2390 948 2426 sui
978 2391 1120 2426 clamat
1151 2390 1189 2425 in
1221 2402 1312 2426 aure
1344 2390 1418 2426 dei.
1800 2404 1859 2424 120

554 2455 728 2491 Vulnera
758 2454 913 2502 plebeia
943 2455 1120 2491 medicus
1151 2455 1359 2501 desiderat,
1391 2461 1430 2491 vt
1461 2454 1515 2491 sic

503 2520 582 2556 Det
614 2519 726 2556 dolor
756 2520 912 2556 alterius
943 2532 1106 2556 munera
1135 2520 1211 2556 leta
1241 2519 1342 2566 sibi,

500 2586 650 2622 Gentes
681 2585 902 2621 causidicus
933 2585 1134 2622 discordes
1164 2591 1283 2633 optat,
1316 2592 1354 2621 vt
1385 2585 1467 2633 ipse

504 2651 693 2697 Prospera
723 2650 773 2687 de
804 2650 869 2687 lite
898 2650 1024 2698 gentis
1056 2649 1199 2687 habere
1230 2657 1358 2698 queat.

502 2716 561 2751 Ex
592 2715 667 2752 hoc
698 2716 806 2763 quod
836 2715 965 2763 perdis
997 2716 1175 2761 lucratur,
1209 2716 1319 2764 sique
1349 2715 1517 2760 lucreris,

503 2781 612 2817 Hinc
642 2789 773 2817 tecum
805 2788 953 2829 partem
985 2781 1109 2829 querit
1140 2779 1284 2818 habere
1315 2793 1451 2827 suam,

503 2845 606 2883 Cum
639 2846 795 2893 plenam
827 2846 1003 2882 dextram
1034 2853 1176 2891 teneat,
1209 2853 1302 2883 tunc
1334 2846 1416 2894 ipse
1447 2845 1642 2882 sinistram

500 2910 657 2956 Tendit,
690 2923 766 2959 que
797 2910 952 2948 sibimet
983 2911 1169 2948 insaciata
1200 2918 1343 2948 manet.

503 2975 566 3012 Sic
596 2988 847 3024 quacumque
877 2976 936 3012 via
967 2976 1055 3013 furit
1087 2977 1228 3022 Eurus,
1261 2988 1415 3024 semper
1444 2976 1483 3012 in
1514 2988 1607 3013 aura

501 3040 645 3077 Velum
676 3041 927 3089 tranquillum
959 3048 1083 3089 gestat
1112 3041 1162 3078 ad
1193 3053 1311 3078 omne
1341 3041 1505 3078 fretum:
1797 3056 1859 3087 130

503 3105 566 3142 Sic
596 3106 698 3153 viget
728 3118 774 3142 ex
804 3118 898 3142 auro
928 3106 1079 3143 loculus
1110 3118 1303 3155 pregnans
1333 3106 1488 3151 alieno,

503 3171 623 3217 Quod
655 3171 755 3208 male
785 3171 981 3219 concepit,
1011 3172 1121 3219 peius
1152 3171 1191 3208 id
1223 3172 1305 3219 ipse
1336 3170 1458 3218 parit:

503 3236 605 3272 Nam
637 3236 779 3273 modus
809 3244 865 3273 est
895 3237 989 3285 legis
1019 3237 1097 3273 cito
1127 3249 1217 3273 cum
1248 3236 1428 3284 locuplex
1458 3236 1540 3273 fore
1570 3236 1743 3273 nummis

504 3300 642 3346 Possit,
674 3308 766 3337 tunc
796 3307 913 3338 terras
943 3302 1091 3350 appetit
1122 3302 1204 3350 ipse
1235 3313 1368 3338 nouas.

560 3366 609 3401 Vt
641 3366 849 3402 constricta
880 3367 981 3403 same
1011 3367 1102 3415 lupa
1133 3378 1240 3403 more
1272 3378 1342 3402 suo
1373 3365 1591 3402 catulorum

505 3430 644 3477 Querit
674 3430 819 3467 habere
849 3443 939 3468 suos
969 3432 1045 3468 lata
1076 3444 1143 3479 per
1172 3443 1263 3467 arua
1294 3430 1414 3476 cibos,

506 3496 568 3532 Sic
598 3508 687 3532 cum
718 3496 917 3533 causidico
948 3497 995 3533 sit
1025 3497 1152 3545 proles
1182 3502 1306 3542 aucta,
1339 3508 1406 3545 per
1436 3507 1573 3533 omnes
