2121 3173
449 238 529 278 DE
568 238 754 280 LUCIS
795 237 1143 279 SCRUTINIO
1556 252 1636 292 357

222 342 264 382 Si
289 342 455 394 patriam
484 357 618 394 quero,
649 357 724 382 nec
752 343 807 382 ibi
836 343 957 382 michi
986 342 1136 382 lumina
1164 356 1279 394 spero
1294 358 1305 392 3
1604 345 1655 395 De
1666 345 1740 376 luce
1751 343 1969 386 vulgari,que

170 409 276 446 Nam
304 408 368 446 via
395 408 562 459 vulgaris
591 408 763 448 tenebris
792 408 957 447 viciatur
984 408 1149 447 amaris:
1556 394 1700 430 pamam
1716 394 1910 422 conseruat.

169 473 288 511 Plebs
317 472 475 512 racione
503 487 640 512 carens
670 475 744 512 hec
773 481 832 512 est
861 473 946 512 sine
975 473 1151 512 moribus
1181 487 1306 521 arens,

169 537 294 578 Cuius
323 538 542 576 subiectam
570 538 634 576 vix
663 538 814 578 Cristus
843 539 963 577 habet
991 538 1067 577 sibi
1095 546 1254 577 sectam.

169 604 269 642 Sunt
296 603 418 653 aliqui
446 605 554 651 tales,
585 617 685 654 quos
715 605 888 643 mundus
917 604 1039 642 habet
1067 604 1269 654 speciales,

170 669 302 715 Fures,
333 676 520 718 raptores,
552 668 764 716 homicide,
797 668 1059 707 turbidiores:

168 735 269 772 Sunt
297 740 336 772 et
365 733 555 773 conducti
584 733 748 784 quidam
777 747 849 784 pro
879 748 1043 773 munere
1073 733 1193 781 ducti,

169 800 282 848 Quos
311 798 403 837 facit
431 799 553 837 assisa
580 799 756 849 periuros
785 801 874 838 luce
903 799 1055 838 rescisa.
1443 806 1485 836 80

169 863 335 902 Rustica
364 863 500 903 ruralis
529 877 612 902 non
642 872 700 903 est
729 864 784 903 ibi
815 877 904 914 spes
933 863 1125 914 aliqualis,

169 929 263 978 Quo
291 928 408 967 nimis
438 929 607 967 obscura
635 930 783 979 pallent
812 929 896 967 sine
925 928 1075 968 lumine
1104 942 1215 967 rura:

169 992 234 1032 Sic
264 992 387 1043 magis
416 993 610 1032 illicebras
640 995 863 1032 mundanas
894 993 1063 1044 quisque
1092 993 1276 1033 tenebras

169 1059 289 1097 Nunc
318 1058 426 1110 petit,
458 1066 496 1097 et
524 1066 616 1097 vota
645 1072 727 1098 non
756 1066 847 1097 sunt
875 1060 927 1097 ad
956 1058 1106 1097 lumina
1135 1066 1253 1097 mota.

169 1123 233 1162 Sic
262 1123 366 1174 prior
395 1131 453 1162 est
483 1125 667 1171 mundus,
700 1132 738 1163 et
768 1124 800 1162 si
829 1125 926 1163 deus
957 1137 1042 1163 esse
1072 1125 1272 1163 secundus

169 1190 319 1235 Posset,
350 1190 483 1227 adhuc
511 1188 598 1227 talis
628 1190 727 1227 foret
756 1188 796 1227 in
826 1202 895 1239 spe
925 1190 990 1227 lux
1018 1188 1225 1239 aliqualis:

168 1254 236 1292 Set
261 1253 373 1304 quasi
401 1267 509 1292 nunc
538 1261 643 1292 totus
672 1255 770 1292 deus
800 1262 859 1293 est
887 1267 910 1292 a
938 1255 1055 1304 plebe
1084 1261 1258 1292 remotus
1273 1268 1284 1302 ;

167 1318 232 1357 Sic
260 1319 424 1357 absente
453 1319 555 1357 duce
583 1318 683 1369 perit
711 1318 817 1357 orbis
846 1318 918 1357 iter
946 1319 1030 1357 sine
1059 1321 1157 1358 luce.

222 1384 259 1422 O
289 1383 406 1422 nimis
436 1383 596 1422 orbatus
625 1383 719 1422 varii
748 1385 799 1422 de
828 1384 917 1423 labe
947 1391 1088 1431 reatus,
1602 1384 1714 1416 Hicin
1730 1385 1797 1415 fine
1810 1384 1970 1416 tenebras

169 1448 312 1488 Omnis
341 1448 382 1486 in
412 1449 508 1487 orbe
538 1456 661 1487 status
691 1450 814 1487 modo
843 1456 920 1487 stat
977 1462 1027 1487 ua
1050 1448 1062 1486 i
1119 1448 1367 1487 reuaricatus.
1463 1464 1484 1486 0
1558 1428 1772 1477 deplangens
1799 1438 1862 1468 ¹³¹⁰
1895 1428 1970 1459 luce

949 1462 975 1499 q
1030 1462 1047 1488 S
1090 1462 1116 1498 p
1440 1465 1459 1497 9
1556 1473 1744 1512 optinenda
1768 1472 1869 1504 deum
1891 1482 1969 1504 exo-

168 1514 273 1552 Cum
303 1521 437 1552 tamen
467 1521 639 1552 errantes
668 1513 766 1552 alios
796 1513 881 1552 sine
910 1515 996 1564 lege
1025 1521 1212 1564 vagantes
1557 1520 1619 1548 rat.

168 1580 297 1619 Cecos
326 1580 533 1630 deplango,
566 1592 655 1617 mea
684 1578 840 1629 propria
869 1578 1018 1617 viscera
1047 1586 1194 1628 tango:

167 1645 297 1683 Cecus
326 1651 366 1682 vt
395 1643 547 1694 ignorat
576 1657 657 1694 quo
685 1657 857 1694 pergere,
889 1645 1067 1694 dumque
1096 1644 1259 1690 laborat,

169 1709 233 1748 Sic
261 1708 334 1748 iter
362 1711 537 1759 explorat
566 1722 655 1747 mea
683 1722 807 1756 mens,
839 1722 917 1759 que
947 1709 1088 1747 flebilis
1118 1716 1226 1747 orat:

169 1775 221 1812 Et
250 1773 342 1824 quia
370 1775 576 1824 perpendo
606 1775 716 1823 quod
746 1773 843 1811 lucis
872 1775 924 1812 ad
953 1773 1090 1812 vltima
1119 1775 1252 1820 tendo,

168 1840 289 1877 Nunc
317 1838 389 1877 iter
417 1839 581 1877 attendo
610 1851 690 1888 quo
720 1839 893 1887 perfruar
921 1837 962 1875 in
991 1837 1210 1877 moriendo.

167 1906 242 1951 Tu,
272 1903 341 1954 qui
369 1903 546 1942 formasti
572 1905 703 1942 lucem
731 1903 994 1953 tenebrasque
1022 1902 1171 1950 creasti,
1375 1932 1395 1945 ⁴

169 1968 346 2008 Crimina
374 1969 590 2014 condones,
622 1975 661 2006 et
690 1967 745 2006 sic
774 1974 842 2006 tua
870 1967 1020 2006 lumina
1048 1969 1202 2006 dones:

170 2035 219 2072 In
248 2041 389 2072 terram
419 2046 505 2071 sero
534 2040 629 2071 tunc
658 2033 821 2082 quando
849 2032 1033 2071 cubicula
1061 2045 1195 2083 quero,

168 2099 316 2138 Confer
343 2099 562 2144 candelam,
593 2105 732 2148 potero
761 2111 840 2147 qua
868 2099 966 2136 ferre
995 2099 1204 2136 medelam.
1418 2112 1481 2135 100

224 2164 316 2201 Hec
346 2164 486 2201 Gower
515 2162 659 2210 scribit,
690 2164 820 2201 lucem
850 2163 946 2201 dum
976 2176 1139 2212 querere
1168 2161 1296 2213 quibit
1311 2176 1322 2210 3

169 2228 252 2267 Sub
282 2240 351 2278 spe
379 2227 569 2275 transibit,
599 2227 666 2265 vbi
694 2227 838 2277 gaudia
865 2227 962 2266 lucis
991 2227 1140 2267 adibit:

171 2292 289 2331 Lucis
319 2293 496 2331 solamen
525 2293 593 2331 det
622 2291 696 2331 sibi
726 2291 888 2332 Cristus.
946 2294 1090 2332 Arnen.

106 2399 146 2430 75
171 2390 235 2421 hec
251 2400 316 2420 om.
336 2389 363 2419 L
451 2390 494 2420 80
517 2390 647 2421 rescisa
665 2389 789 2421 SEHL
835 2389 942 2421 recisa
960 2389 987 2421 C
1006 2389 1118 2430 (corr.)
1216 2390 1258 2429 83
1284 2389 1462 2421 illecebras
1479 2389 1538 2420 ΕΙ,

61 2443 103 2482 87
127 2453 147 2473 a
165 2441 280 2482 plebe]
298 2451 318 2472 a
333 2440 408 2472 luce
425 2440 521 2472 CEH
653 2441 698 2481 89
714 2441 847 2483 margin
873 2441 940 2473 Hic
965 2440 999 2472 in
1025 2440 1109 2480 fine]
1137 2441 1226 2472 Nota
1250 2441 1340 2481 quod
1364 2441 1538 2472 Iohannes

62 2494 194 2525 Gower
208 2497 329 2524 auctor
341 2492 441 2524 huius
458 2492 523 2524 libr
549 2493 605 2525 hic
621 2493 657 2525 in
673 2493 741 2526 fine
759 2493 787 2525 E
879 2503 921 2534 91
941 2492 1016 2524 sine
1032 2492 1109 2524 luce
1127 2492 1154 2524 L
1243 2502 1286 2532 92
1304 2492 1347 2523 de
1364 2492 1491 2533 plango
1509 2491 1536 2524 C

61 2555 103 2586 93
129 2545 153 2578 S
170 2545 233 2577 has
249 2544 320 2577 here
334 2544 398 2576 lost
412 2555 433 2576 a
450 2543 522 2586 leaf
