2095 3173
410 214 491 265 238

883 212 1015 252 VOX
1056 211 1415 252 CLAMANTIS

518 320 582 358 Sic
612 332 685 369 ego
716 332 796 357 non
826 319 943 356 video
973 330 1062 356 mea
1091 329 1169 366 que
1198 324 1301 365 sunt,
1333 325 1391 355 set
1421 317 1645 356 dubitando

519 386 693 424 Auribus
722 385 898 424 attonitis
928 396 1050 433 quero
1080 384 1261 421 cauenda
1289 384 1413 422 malis.

574 452 680 489 Ecce
710 451 794 489 dies
825 450 864 487 in
895 461 983 498 qua,
1016 450 1143 487 fuerat
1172 461 1250 498 que
1279 449 1372 486 iuris
1401 449 1539 496 amica,

521 518 640 555 Nunc
670 515 792 565 magis
823 521 984 553 econtra
1013 515 1074 553 lex
1103 515 1200 564 gerit
1229 522 1316 552 acta
1346 527 1440 553 sua:

521 583 647 619 Larua
678 581 772 630 tegit
801 581 954 628 faciem,
986 580 1196 619 confundit
1224 580 1415 630 glosaque
1444 585 1608 627 textum,

519 647 645 684 Vertit
675 653 715 684 et
744 646 784 683 in
813 646 983 695 logicam
1014 646 1077 683 lex
1104 646 1249 683 variata
1279 646 1456 693 scolam,

519 712 685 761 Absque
714 718 848 749 tamen
878 724 1044 749 numero
1074 718 1165 749 sunt
1193 712 1289 760 legis
1318 711 1358 748 in
1389 711 1486 748 orbe
1514 710 1697 757 scolares,

520 777 693 815 Plurima
722 783 813 814 sunt
842 777 945 824 folia,
978 777 1126 814 fructus
1157 783 1195 815 et
1225 777 1318 814 inde
1347 776 1490 814 minor.

520 842 695 881 Nomine
725 841 799 880 sub
829 842 933 880 iusto
962 855 1083 892 quam
1112 854 1206 891 sepe
1236 841 1449 891 nephanda
1478 847 1674 890 parantur,

519 907 684 957 Subque
713 908 828 946 dolus
858 907 957 946 facie
988 908 1155 957 plurima
1183 907 1276 944 iuris
1304 907 1411 956 agit:

520 973 602 1022 Qui
631 973 755 1022 magis
784 973 824 1010 in
854 973 981 1011 causis
1012 973 1242 1011 discernunt
1271 972 1414 1010 talibus
1444 969 1595 1018 orbem,

520 1039 699 1078 Crimina
728 1045 819 1076 sunt
848 1038 971 1076 cautis
1002 1038 1075 1076 ista
1104 1038 1283 1076 timenda
1311 1037 1412 1075 viris.

521 1104 697 1142 Grandia
725 1116 795 1153 per
823 1104 969 1141 multos
998 1110 1211 1141 tenuantur
1240 1103 1404 1140 flumina
1433 1102 1552 1148 riuos,

518 1170 668 1207 Alueus
699 1175 738 1207 et
767 1169 906 1207 sterilis
936 1169 991 1206 sic
1020 1175 1209 1206 vacuatur
1237 1169 1379 1218 aquis:

520 1233 702 1273 Pluribus
732 1235 914 1284 expensis
944 1234 1088 1284 patitur
1116 1235 1323 1272 thesaurus
1353 1233 1544 1283 eclipsim,

521 1301 594 1346 Fit,
627 1300 701 1338 nisi
730 1300 946 1350 preuideat,
978 1313 1153 1350 sepeque
1182 1300 1295 1338 diues
1324 1300 1465 1348 inops:

521 1366 586 1404 Sic
614 1366 759 1403 humus
788 1366 861 1404 ista
890 1366 999 1404 breui
1030 1366 1224 1404 ditissima
1252 1372 1433 1415 tempore
1461 1376 1620 1414 pauper,

522 1432 717 1470 Excessus
747 1432 877 1480 legum
909 1433 947 1469 ni
978 1432 1218 1479 moderetur,
1247 1431 1330 1469 erit.

520 1497 679 1535 Tollere
708 1497 904 1535 nodosam
934 1497 1059 1535 nescit
1088 1496 1287 1535 medicina
1317 1496 1545 1545 podagram,

522 1563 587 1601 Sic
616 1574 691 1601 nec
719 1563 888 1600 auaricie
917 1563 979 1600 lex
1007 1562 1258 1600 medicamen
1289 1561 1419 1600 habet.

522 1629 595 1666 Est
624 1640 713 1666 mea
742 1628 859 1666 bursa
887 1634 1041 1677 potens,
1074 1628 1136 1665 lex
1165 1627 1259 1665 inde
1288 1626 1452 1665 subacta
1482 1625 1624 1673 silebit,

522 1694 763 1732 Preueniens
792 1705 888 1731 auro
918 1693 1070 1742 singula
1098 1693 1181 1730 iura
1210 1693 1326 1742 fugo:

521 1760 604 1796 Aut
633 1759 664 1796 si
694 1759 887 1807 magnatis
918 1758 1037 1795 michi
1068 1758 1175 1795 curia
1204 1758 1253 1795 sit
1282 1756 1477 1806 specialis,

523 1824 589 1862 Nil
620 1836 720 1873 opus
750 1832 808 1861 est
837 1824 967 1873 legum
998 1822 1156 1870 viribus,
1189 1823 1272 1872 ipse
1302 1822 1454 1872 loquor.

527 1889 772 1928 Continuata
801 1888 869 1926 diu
900 1889 955 1926 sic
984 1889 1130 1926 vlcerat
1159 1887 1224 1925 illa
1253 1887 1424 1934 cicatrix,

524 1956 618 1993 Non
647 1954 767 1993 habet
797 1954 956 1992 vlterius
986 1954 1065 1991 iam
1095 1966 1201 1991 noua
1230 1953 1344 2003 plaga
1372 1953 1517 1991 locum.

1824 1443 1889 1473 300

461 2085 539 2119 Hic
556 2084 740 2128 loquitur
765 2083 888 2127 quasi
913 2093 985 2127 per
1009 2083 1232 2126 epistolam
1255 2082 1463 2117 Iudicibus
1483 2082 1568 2117 illis
1585 2081 1803 2122 directam,
1820 2082 1890 2124 qui

413 2142 458 2176 in
477 2142 633 2177 caduca
651 2152 820 2176 suarum
840 2141 1084 2175 diuiciarum
1101 2141 1367 2175 multitudine
1385 2143 1622 2184 sperantes,
1638 2141 1758 2175 deum
1777 2140 1886 2174 adiu-

413 2203 550 2237 torem
567 2211 687 2235 suum
705 2210 859 2244 ponere
879 2200 1120 2234 nullatenus
1138 2200 1379 2243 dignantur.

302 2284 435 2334 Capm.
456 2295 490 2321 v,

577 2281 615 2320 O
644 2281 712 2330 qui
742 2280 887 2319 iudicia
915 2280 994 2317 vite
1023 2279 1159 2317 mortis
1191 2291 1353 2329 quoque
1381 2291 1511 2317 rerum

524 2346 719 2385 Clauditis
749 2346 789 2383 in
817 2344 1002 2383 manibus
1031 2345 1255 2393 appreciata
1284 2344 1412 2391 lucris,

525 2413 588 2450 De
618 2424 696 2461 qua
726 2411 880 2448 iusticia
908 2416 1063 2448 vosmet
1093 2411 1244 2448 saluare
1274 2409 1432 2459 putatis,

524 2477 629 2516 Cum
660 2477 708 2514 sit
737 2477 798 2515 lex
827 2475 913 2514 aliis
944 2475 1104 2514 vendita
1132 2481 1260 2513 vestra
1289 2475 1424 2513 dolis?

525 2542 561 2581 O
592 2542 801 2580 dilectores
831 2542 971 2579 mundi
1002 2539 1169 2590 falsique
1198 2547 1396 2589 potentes,

525 2608 647 2645 Terre
676 2608 825 2657 quique
853 2607 950 2645 deos
981 2618 1067 2644 esse
1096 2606 1239 2655 putatis
1270 2617 1378 2655 opes,

527 2672 564 2711 O
596 2672 664 2721 qui
694 2672 918 2710 mundanos
948 2672 1004 2709 sic
1032 2671 1221 2709 affectatis
1251 2671 1433 2718 honores,

528 2737 600 2774 Est
630 2736 774 2786 quibus
803 2737 962 2774 assidua
991 2735 1214 2774 sollicitudo
1244 2748 1390 2783 comeS‚

529 2802 680 2840 Discite
709 2802 940 2852 precipitem
970 2802 1062 2851 quia
1091 2800 1221 2850 sepius
1249 2800 1372 2839 ardua
1401 2813 1536 2839 casum

957 2886 1021 2917 303
1045 2876 1107 2907 sub
1122 2881 1199 2907 acta
1215 2875 1242 2907 C

1823 2360 1889 2392 310
