2095 3173
527 228 608 267 242

999 214 1132 255 VOX
1177 213 1537 254 CLAMANTIS

638 322 784 360 Diuitis
814 321 1002 359 iniustam
1031 333 1191 358 causam
1222 320 1278 358 sic
1307 332 1427 358 cerno
1457 319 1645 369 quietam,

638 389 690 426 Et
719 388 862 425 iustam
891 399 1052 424 causam
1082 386 1265 436 pauperis
1296 397 1383 424 esse
1411 398 1529 424 ream.

637 454 731 491 Non
760 464 896 490 comes
925 465 948 490 a
976 452 1075 497 vice,
1106 459 1163 490 set
1192 451 1296 489 vicio
1325 464 1460 489 comes
1489 450 1634 500 accipit
1663 457 1805 498 ortum,

638 518 739 556 Iuris
768 518 937 556 auaricie
967 518 1040 556 fert
1069 525 1203 555 tamen
1234 517 1317 566 ipse
1346 517 1463 555 vices.

637 584 702 622 Sic
730 583 822 622 dico
850 583 1163 630 vicecomitibus,
1195 583 1304 632 quod
1333 594 1498 621 munere
1527 582 1620 620 victi

637 649 854 688 Communi
883 649 1033 699 populo
1063 649 1159 687 dant
1188 655 1430 687 nocumenta
1458 648 1605 687 modo:

638 716 725 753 Nec
754 713 829 753 sibi
858 715 972 753 iurati
1001 715 1158 764 sapiunt
1188 714 1298 763 quid,
1328 714 1377 752 sit
1407 714 1480 751 nisi
1510 714 1618 761 lucri,

639 781 702 818 De
731 781 812 818 sale
841 781 1050 818 conditum
1079 780 1189 829 quod
1219 779 1333 818 dabis
1362 786 1455 818 ante
1485 792 1674 819 manum:

637 846 839 885 Causidici
870 847 1000 884 lanam
1031 846 1199 895 rapiunt,
1231 846 1294 883 isti
1324 858 1486 895 quoque
1515 845 1663 895 pellem

638 912 815 959 Tollunt,
848 911 904 950 sic
933 911 1042 961 inopi
1073 912 1128 948 nil
1157 909 1379 949 remanebit
1409 911 1486 948 oui.
1939 926 2004 957 440

638 977 703 1015 Sic
732 989 805 1027 ego
835 977 1003 1027 legiferis
1033 977 1278 1015 concludens
1307 976 1443 1013 vltima
1472 976 1619 1025 primis,

639 1043 743 1081 Dico
773 1043 882 1092 quod
913 1055 960 1081 ex
989 1042 1107 1080 bursa
1135 1042 1197 1080 lex
1225 1042 1329 1092 viget
1359 1054 1453 1079 ecce
1482 1053 1612 1090 noua3

637 1109 691 1147 Vt
720 1108 948 1158 margaritas
977 1108 1009 1146 si
1038 1120 1181 1156 porcus
1211 1113 1341 1145 sumat
1369 1108 1409 1144 in
1439 1119 1562 1154 escas,

639 1174 809 1212 Sumunt
837 1173 986 1223 legiferi
1016 1173 1072 1211 sic
1100 1172 1224 1212 modo
1253 1173 1336 1211 iura
1365 1172 1451 1211 sibi.

693 1239 878 1278 Vendere
907 1239 1103 1277 iusticiam
1132 1238 1230 1289 quid
1259 1238 1300 1276 id
1330 1245 1389 1277 est
1420 1238 1494 1276 nisi
1524 1238 1696 1277 vendere
1725 1238 1911 1286 Cristum,

641 1305 773 1353 Quem
804 1305 925 1343 Iudas
956 1304 1103 1354 cupido
1132 1304 1313 1342 vendidit
1342 1303 1426 1353 ipse
1456 1304 1580 1342 dolo?

641 1371 849 1420 Numquid
878 1371 1011 1409 adhuc
1041 1371 1142 1409 Iude
1172 1371 1308 1408 similis
1338 1371 1426 1420 quis
1455 1371 1552 1408 viuit
1581 1371 1622 1408 in
1652 1369 1777 1409 orbe?

641 1437 773 1474 Immo
803 1436 879 1474 sibi
908 1437 1041 1485 plures
1070 1436 1203 1474 viuere
1232 1435 1356 1474 credo
1384 1448 1507 1485 pares.

642 1502 828 1551 Namque
858 1502 980 1539 semel
1011 1502 1155 1539 Iudam
1185 1501 1303 1539 talem
1333 1501 1582 1540 committere
1611 1501 1769 1551 eulpam

642 1567 851 1614 Nouimus,
884 1567 992 1605 hunc
1022 1574 1061 1605 et
1090 1579 1138 1605 eo
1167 1566 1386 1616 penituisse
1415 1567 1529 1615 leg03
1939 1581 2006 1612 450

642 1634 764 1671 Nunc
793 1639 927 1671 tamen
957 1640 997 1670 vt
1027 1644 1178 1670 merces
1208 1632 1387 1670 vendunt
1416 1632 1683 1670 communiter
1712 1644 1864 1679 omnes,

642 1698 876 1737 Gaudentes
904 1699 1057 1736 lucrum
1087 1698 1143 1735 sic
1171 1696 1357 1735 habuisse
1386 1710 1513 1735 suum.

642 1765 812 1802 Rettulit
840 1764 917 1802 hoc
946 1763 1122 1813 precium
1154 1763 1275 1801 Iudas
1305 1763 1414 1812 quod
1443 1763 1548 1812 cepit
1576 1763 1743 1813 iniqum,

643 1830 730 1868 Nec
758 1830 883 1879 liquet
912 1829 1006 1867 hinc
1035 1829 1191 1867 veniam
1221 1829 1484 1878 promeruisse
1514 1841 1653 1868 suam:

642 1897 762 1934 Nunc
792 1896 863 1934 erit
893 1908 985 1945 ergo
1016 1895 1113 1945 quid
1142 1895 1229 1943 hiis,
1260 1895 1439 1933 vendunt
1470 1895 1538 1945 qui
1568 1896 1652 1934 iura
1680 1896 1857 1944 sinistris,

644 1962 716 2000 Est
746 1961 891 2011 quibus
921 1962 1018 1999 hora
1047 1961 1119 1999 fori
1149 1960 1349 1999 cotidiana
1378 1961 1520 2010 quasi?

642 2028 698 2065 Vt
727 2033 837 2066 vorat
866 2034 905 2065 et
934 2027 1065 2065 stricte
1094 2034 1202 2065 tenet
1232 2027 1316 2076 ipsa
1344 2039 1489 2076 vorago
1518 2026 1711 2076 gehenne,

644 2093 732 2131 Nec
760 2093 861 2131 redit
891 2092 990 2130 vllus
1020 2092 1143 2130 horno
1173 2092 1271 2130 liber
1299 2092 1350 2130 ab
1380 2104 1447 2130 ore
1477 2105 1561 2138 suo,

644 2158 708 2197 Sic
737 2158 860 2196 modo
890 2158 958 2207 qui
987 2158 1166 2196 vendunt
1195 2158 1302 2207 leges
1332 2170 1410 2207 que
1438 2157 1589 2207 premia
1619 2166 1797 2208 carpunt,

646 2224 738 2261 Hec
766 2223 869 2261 valet
897 2235 920 2260 a
949 2222 1133 2260 manibus
1163 2223 1300 2260 tollere
1329 2235 1449 2261 nemo
1478 2223 1587 2270 suis,
1943 2229 2009 2271 460

646 2289 698 2326 Et
727 2288 820 2338 quia
849 2288 905 2325 sic
934 2288 1080 2326 similes
1110 2288 1264 2326 inferno
1295 2295 1467 2337 suntque
1496 2294 1668 2336 tenaces,

646 2354 778 2393 Credo
809 2353 918 2403 quod
947 2353 1123 2391 infernus
1154 2353 1233 2391 fine
1262 2352 1414 2391 tenebit
1443 2365 1523 2391 eos

702 2419 812 2468 Quid
842 2431 911 2457 seu
942 2418 1103 2456 Balliuis
1133 2418 1274 2464 dicam,
1307 2418 1375 2467 qui
1405 2425 1495 2456 sunt
1525 2418 1764 2458 Acherontis

646 2485 700 2522 Vt
730 2484 866 2534 rapide
894 2484 1026 2523 furie?
1064 2485 1128 2522 Tu
1157 2483 1281 2533 magis
1311 2483 1405 2522 inde
1434 2496 1546 2522 caue.

648 2551 741 2599 Quo
770 2557 901 2599 portas
932 2550 1087 2597 intrant,
1120 2549 1342 2599 prenostica
1371 2549 1546 2598 dampna
1575 2549 1753 2600 figurant,

649 2615 814 2654 Cunctis
844 2627 1018 2664 namque
1047 2614 1118 2652 viis
1146 2626 1194 2652 ve
1223 2613 1432 2651 comitatur
1461 2615 1528 2652 eis.

648 2681 702 2718 Vt
732 2680 839 2719 Crati
869 2679 965 2718 bufo
995 2679 1207 2726 maledixit,
1239 2678 1295 2716 sic
1324 2679 1520 2717 maledico

650 2745 730 2783 Tot
759 2745 891 2794 legum
920 2745 1094 2784 dominis
1124 2751 1162 2782 et
1192 2744 1276 2782 sine
1305 2744 1390 2794 lege
1420 2747 1554 2794 magis.

920 2847 984 2877 445
1011 2837 1042 2868 id
1061 2836 1173 2868 erased
1187 2836 1220 2867 in
1238 2836 1264 2867 C
1398 2838 1463 2876 456
1487 2847 1545 2868 ora
1563 2836 1620 2869 CB
