2121 3173
529 288 846 329 VICIORUM
892 287 1302 328 PESTILENCIA
1578 301 1657 338 347

302 393 479 433 Ecclesie
508 394 668 432 turbant
696 394 866 433 subdola
894 393 1030 444 sicque
1059 394 1190 432 fidem.

303 461 494 498 Inuentor
524 459 679 498 sceleris
708 460 919 498 sceleratus
948 466 1127 509 apostata
1152 458 1301 510 primus

301 524 511 575 Angelicas
540 532 687 563 turmas
717 524 857 575 polluit
885 524 969 574 ipse
998 523 1104 574 prius
1120 539 1130 571 3

306 591 481 640 Postque
510 589 585 628 ruit
614 596 768 628 nostros
797 589 967 639 paradisi
997 590 1091 628 sede
1120 596 1312 640 parentes,

302 657 514 705 Morteque
542 654 678 693 vitales
707 655 852 693 fecerat
880 667 967 693 esse
995 668 1109 693 reos:

301 721 477 760 Callidus
506 720 571 759 hic
604 733 764 771 serpens
793 733 867 759 nec
895 721 1027 759 adhuc
1057 719 1209 759 desistit
1238 719 1279 758 in
1308 720 1413 766 orbe,

301 786 411 836 Quin
441 785 563 836 magis
592 785 633 824 in
663 785 781 826 Cristi
810 785 916 824 lollia
945 799 1073 825 messe
1102 785 1203 825 serit.

303 854 407 890 Ecce
437 865 584 890 nouam
614 858 773 898 sectam,
807 851 925 890 mittit
954 865 1032 902 que
1060 851 1186 902 plebis
1216 850 1258 889 in
1286 864 1409 897 aures,
1621 866 1660 896 3³

300 918 365 956 Ad
395 917 487 956 fidei
517 918 737 968 dampnum
766 918 953 956 scandala
982 919 1093 968 plura
1122 917 1252 956 canit:

303 982 366 1020 Sic
395 990 507 1021 vetus
536 982 700 1033 insurgit
728 982 875 1022 heresis
905 982 1017 1033 quasi
1048 982 1257 1029 Iouiniani,

301 1048 419 1087 Vnde
449 1049 640 1087 moderna
669 1049 767 1087 fides
797 1050 1086 1087 commaculata
1115 1049 1248 1087 dolet:

300 1114 540 1164 Ysurpando
569 1114 689 1152 fidem
718 1115 870 1152 vultum
900 1113 1088 1152 mentitur
1116 1115 1339 1159 honestum,

302 1178 474 1218 (laucius
503 1186 543 1218 vt
571 1180 750 1218 fraudem
779 1178 914 1230 palliet
942 1179 1036 1218 inde
1066 1192 1203 1217 suam:

301 1244 384 1282 Sub
412 1258 546 1295 grossa
574 1246 664 1283 lana
692 1244 816 1282 linum
847 1243 990 1282 subtile
1019 1251 1184 1291 tenetur,

301 1309 538 1360 Simplicitas
567 1311 697 1348 vultus
727 1311 848 1349 corda
876 1311 1016 1349 dolosa
1045 1309 1149 1360 tegit.

301 1376 514 1414 Fermento
543 1375 663 1414 veteri
693 1375 779 1413 talis
808 1374 1023 1425 corrumpit
1051 1388 1250 1421 aceruum,

302 1439 382 1488 Qui
411 1453 517 1478 noua
545 1439 769 1490 conspergit
798 1448 836 1479 et
866 1439 1088 1479 dubitanda
1117 1447 1276 1479 mouet:

302 1506 410 1542 Dum
442 1505 564 1555 magis
593 1505 780 1553 incantat,
811 1505 952 1543 obtura
980 1512 1022 1544 tu
1053 1505 1175 1555 magis
1204 1518 1328 1551 aures,
1615 1523 1658 1551 40

302 1570 463 1609 Forcius
493 1578 531 1609 et
560 1570 690 1609 cordis
719 1569 820 1608 ostia
848 1571 989 1609 claude
1017 1569 1098 1608 tui:

301 1635 558 1686 Simplicitate
587 1643 654 1674 tua
683 1649 733 1674 ne
763 1637 899 1674 credas
929 1649 1049 1674 omne
1078 1636 1189 1685 quod
1219 1635 1360 1681 audis;

301 1702 391 1750 Que
420 1702 538 1740 docet
566 1701 774 1751 ambiguus
803 1708 941 1739 auctor
969 1700 1106 1739 aborta
1135 1714 1257 1739 caue:

301 1766 367 1804 Nil
398 1766 584 1804 nouitatis
613 1766 765 1804 habens
794 1773 862 1804 tua
890 1779 1002 1804 mens
1032 1765 1238 1804 fantastica
1268 1766 1408 1811 cedat3

300 1832 354 1868 Vt
384 1838 493 1881 pater
521 1838 612 1869 ante
641 1838 732 1869 tuus
761 1830 938 1878 credidit,
970 1837 1058 1868 acta
1087 1831 1184 1868 cole.

300 1897 404 1934 Vera
433 1897 531 1934 fides
562 1895 679 1936 Cristi
707 1909 789 1934 non
818 1894 971 1942 hesitat,
1002 1895 1126 1933 immo
1155 1895 1291 1933 fideles

303 1960 432 1999 Efficit
460 1968 501 1999 vt
529 1962 692 2000 credant
719 1960 849 2000 cordis
877 1974 1011 1999 amore
1040 1959 1123 1998 sui:

302 2027 339 2063 N
345 2025 370 2080 il
399 2027 501 2064 valet
530 2025 595 2064 illa
624 2027 721 2064 fides
750 2025 816 2064 vbi
845 2039 904 2064 res
935 2025 1045 2064 dabit
1073 2024 1397 2075 experimentum,

302 2095 399 2141 Spes
430 2100 562 2131 tamen
592 2092 632 2130 in
663 2092 793 2132 Cristo
823 2094 906 2131 sola
934 2092 1095 2143 requirit
1124 2105 1239 2131 eum:

305 2159 429 2195 Recta
458 2159 556 2196 fides
586 2158 776 2208 quicquid
804 2165 955 2197 rectum
984 2157 1092 2208 petit,
1124 2171 1243 2196 omne
1273 2165 1453 2203 meretur,
1619 2172 1663 2202 5³

303 2222 506 2273 Quicquid
534 2223 722 2273 possibile
750 2223 930 2271 creditur,
961 2223 1046 2274 ipsa
1074 2230 1215 2274 potest.

303 2290 546 2337 Argumenta
574 2290 673 2327 fides
703 2290 770 2328 dat
799 2303 928 2328 rerum
957 2302 1035 2339 que
1064 2302 1195 2338 neque
1224 2287 1323 2335 sciri,

303 2354 389 2391 Nec
419 2343 585 2403 possunt
612 2355 733 2393 verbo
762 2368 836 2393 nec
865 2354 1023 2393 racione
1052 2354 1163 2404 capi:

302 2418 437 2456 Subde
467 2426 574 2457 tuam
604 2419 697 2458 fidei
726 2427 911 2467 mentem,
943 2418 1036 2469 quia
1064 2418 1200 2458 mortis
1228 2431 1369 2468 ymago

304 2482 452 2522 Iudicis
482 2484 604 2523 eterni
632 2484 786 2523 mistica
814 2484 913 2523 scire
941 2483 1102 2534 nequit:

303 2549 356 2585 Vt
385 2549 490 2586 solus
519 2550 646 2588 facere
674 2549 808 2596 voluit,
840 2548 895 2587 sic
925 2548 1022 2587 scire
1051 2547 1208 2587 volebat

304 2614 430 2659 Solus,
461 2620 500 2652 et
527 2614 605 2652 hoc
633 2614 730 2653 nulli
758 2613 1006 2665 participauit
1035 2626 1145 2664 opus.

303 2680 393 2715 Vna
421 2677 518 2728 quid
546 2680 598 2717 ad
627 2681 751 2718 solem
780 2678 925 2718 sintilla
952 2680 1066 2726 valet,
1097 2680 1158 2717 vel
1186 2678 1238 2716 ad
1267 2690 1390 2727 equor

305 2744 437 2790 Gutta,
470 2745 530 2782 vel
558 2745 609 2782 ad
639 2746 767 2783 celum
798 2744 894 2795 quid
923 2743 1021 2782 cinis
1051 2757 1137 2782 esse
1166 2744 1325 2794 potest?

304 2807 495 2847 Leticiam
525 2810 663 2857 luctus,
695 2823 799 2848 mors
829 2809 960 2857 vitam,
991 2808 1134 2859 gaudia
1162 2810 1276 2847 fletus
1618 2816 1660 2844 (ω

305 2874 399 2912 Non
428 2881 584 2922 norunt,
615 2888 688 2913 nec
718 2888 794 2924 que
823 2881 914 2912 sunt
944 2873 1100 2913 deitatis
1129 2875 1276 2912 homo:

240 2955 281 2985 35
307 2945 421 2986 palliet
440 2946 465 2977 F
483 2946 594 2988 (corr.)
641 2947 765 2988 palleat
783 2947 936 2978 SCHLB
983 2946 1095 2987 paleat
1113 2946 1139 2978 E
1272 2947 1314 2987 58
1337 2945 1484 2978 scintilla
1501 2945 1589 2977 CEL
