2095 3173
372 236 421 286 76

837 234 966 275 VOX
1007 233 1366 275 CLAMANTIS

480 341 616 379 Insula
644 341 721 378 lata
750 340 913 390 quidem
943 339 1015 377 fuit
1045 339 1118 377 hec
1146 339 1288 376 vallata
1316 339 1500 386 rotundo,

479 406 571 454 Que
600 406 716 443 maris
747 405 911 444 Occiani
941 405 1071 441 cincta
1100 403 1296 441 redundat
1325 404 1449 452 aquis.

478 471 544 509 Ad
573 478 730 521 portum
760 470 923 508 veniens
953 470 1004 507 de
1033 469 1126 506 naui
1155 469 1313 507 concito
1343 469 1434 506 litus

481 537 671 586 Egressus
701 535 814 585 pecii,
845 533 1041 584 turbaque
1070 546 1212 583 magna
1241 534 1363 571 michi

483 601 616 639 Plebis
646 601 686 638 in
716 612 925 638 occursum
956 600 1033 637 iam
1064 606 1235 646 venerat,
1267 611 1314 637 ex
1344 598 1490 648 quibus
1520 611 1641 637 vnum

481 668 555 705 Pre
585 666 744 715 reliquis
773 666 939 715 dignum
968 665 1132 714 contigit
1161 676 1248 703 esse
1277 665 1426 703 virum:

481 734 519 770 A
547 744 628 781 quo
658 731 825 782 quesiui‚
858 731 968 778 ‘Dic,
1003 731 1139 769 Insula
1168 730 1307 780 qualis,
1339 738 1378 769 et
1408 731 1513 769 vnde

481 799 635 836 Tantus
663 798 776 836 adest
805 797 987 847 populus,
1019 797 1107 846 quis
1136 796 1186 834 sit
1215 802 1255 834 et
1283 796 1378 834 inde
1407 796 1601 834 modus?'

483 863 590 901 Ecce
621 875 742 901 senex
771 862 846 909 ille,
877 868 993 911 portu
1023 862 1091 911 qui
1120 860 1250 899 stabat
1279 861 1319 898 in
1349 861 1427 908 illo,

482 928 678 966 Reddidit
707 929 780 966 ista
808 927 907 966 meis
937 927 1095 965 horrida
1123 925 1244 964 verba
1272 927 1391 964 sonis.

534 994 696 1032 ‘Exulis
725 995 799 1031 hec
829 993 907 1031 dici
938 1005 1063 1042 nuper
1091 993 1191 1030 solet
1222 993 1359 1030 Insula
1389 992 1514 1039 Bruti,

481 1061 614 1108 Quam
643 1059 719 1098 sibi
749 1059 1003 1109 compaciens
1033 1059 1117 1108 ipsa
1148 1058 1278 1096 Diana
1307 1057 1438 1096 dabat.

483 1126 617 1163 Huius
647 1125 754 1164 enim
783 1132 883 1163 terre
911 1136 1008 1173 gens
1038 1123 1112 1161 hec
1141 1130 1199 1162 est
1229 1123 1398 1170 inchola,
1431 1123 1525 1161 ritus

484 1189 610 1230 Cuius
639 1202 774 1229 amore
804 1189 940 1240 procul
969 1189 1131 1227 dissona
1159 1189 1270 1238 plura
1299 1195 1419 1226 tenet.

483 1257 587 1295 Nam
617 1256 709 1305 quia
737 1267 834 1305 gens
863 1254 977 1292 variis
1006 1254 1081 1292 hec
1110 1260 1169 1292 est
1198 1254 1249 1292 de
1277 1253 1461 1303 gentibus
1491 1259 1586 1299 orta,

483 1322 644 1359 Errores
675 1320 781 1358 varie
809 1319 1058 1357 condicionis
1087 1318 1232 1357 habet:

482 1387 649 1436 Egregie
678 1386 804 1423 forme
833 1391 924 1422 sunt
954 1384 1022 1432 hii,
1052 1391 1110 1422 set
1139 1384 1378 1422 condicione

484 1453 591 1490 Ecce
619 1451 722 1501 lupis
752 1462 846 1488 seue
874 1450 962 1499 plus
991 1450 1153 1488 feritatis
1183 1448 1344 1487 habent.

484 1518 578 1556 Non
607 1523 792 1555 metuunt
821 1517 938 1566 leges,
969 1521 1150 1554 sternunt
1179 1515 1253 1553 sub
1282 1513 1429 1553 viribus
1459 1526 1591 1564 equrn,

481 1583 678 1632 Victaque
707 1582 876 1632 pugnaci
907 1582 989 1619 iura
1018 1580 1093 1619 sub
1121 1593 1217 1619 ense
1245 1580 1417 1619 cadunt:

485 1646 659 1697 Legibus
688 1647 837 1684 inculta
866 1646 1034 1693 fraudes,
1066 1647 1205 1693 scelus,
1236 1658 1354 1692 arma,
1387 1645 1549 1692 furores,

485 1712 681 1761 Pluraque
709 1711 892 1761 pestifera
920 1710 1034 1760 plebs
1063 1717 1305 1749 nocumenta
1334 1710 1457 1760 parit:

483 1777 574 1825 Que
602 1783 756 1826 gestant
786 1777 968 1814 homines
997 1783 1097 1814 terre
1126 1776 1176 1814 de
1204 1775 1381 1825 partibus
1411 1775 1528 1813 huius

483 1844 658 1889 Pectora,
690 1848 782 1880 sunt
811 1842 897 1892 ipso
926 1841 1145 1880 turbidiora
1173 1842 1281 1879 mari.

484 1909 576 1946 Hec
605 1908 750 1945 humus
780 1915 839 1946 est
868 1908 932 1945 illa
960 1908 1068 1945 vario
1098 1907 1149 1945 de
1176 1907 1354 1957 germine
1383 1913 1486 1953 nata,

483 1973 616 2021 Quam
645 1985 760 2011 cruor
788 1980 827 2011 et
855 1973 974 2011 cedes
1003 1972 1188 2022 bellaque
1215 1984 1372 2022 semper
1400 1971 1573 2009 habent:

484 2038 627 2075 Tristia
656 2038 854 2076 deformes
883 2038 1040 2087 pariunt
1069 2037 1268 2076 absinthia
1295 2037 1436 2086 campi,

484 2103 686 2153 Terraque
716 2104 767 2141 de
796 2104 924 2141 fructu
954 2116 1074 2152 quam
1104 2103 1153 2141 sit
1181 2115 1314 2141 amara
1342 2103 1471 2141 docet.

485 2168 579 2205 Non
608 2168 732 2217 magis
761 2179 848 2206 esse
875 2168 1023 2217 probos
1051 2168 1103 2205 ad
1133 2168 1253 2205 finem
1283 2167 1376 2205 solis
1405 2167 1456 2205 ab
1486 2174 1574 2204 ortu

485 2232 652 2280 Estim0‚
684 2233 716 2271 si
744 2233 881 2282 populi
910 2239 1072 2270 mutuus
1100 2239 1203 2270 esset
1231 2232 1363 2270 amor?

542 2297 724 2336 Pluribus
753 2298 898 2336 auditis
927 2310 1006 2348 que
1034 2298 1187 2347 singula
1215 2298 1512 2347 displicuerunt,

488 2364 608 2401 Heu!
646 2363 767 2400 michi
796 2363 918 2401 corda
946 2363 1060 2400 dolor
1089 2363 1165 2400 iam
1195 2369 1408 2400 renouatus
1436 2362 1537 2411 agit:

488 2427 657 2466 Dulcius
688 2428 772 2477 ipse
802 2428 922 2465 michi
954 2440 1102 2466 numen
1132 2440 1240 2465 nunc
1269 2427 1433 2477 quando
1461 2425 1662 2476 putabam,

487 2494 663 2532 Fortune
692 2493 844 2543 species
873 2493 1006 2531 obstat
1033 2492 1176 2532 acerba
1205 2505 1306 2531 mee.

487 2560 592 2599 Cum
621 2558 739 2597 video
769 2571 889 2608 quam
919 2565 1010 2597 sunt
1039 2571 1128 2597 mea
1157 2559 1235 2596 fata
1263 2558 1427 2606 tenacia,
1459 2558 1626 2608 frangor,

487 2625 666 2673 Spesque
695 2624 795 2662 leuis
824 2636 969 2674 magno
999 2624 1101 2661 victa
1130 2624 1271 2662 timore
1301 2624 1411 2662 silet:

486 2689 551 2727 Sic
580 2701 654 2738 ego
683 2689 840 2727 fortune
869 2690 956 2727 telis
985 2688 1164 2727 confixus
1193 2688 1338 2738 iniquis

488 2755 654 2792 Pectore
683 2754 868 2804 concipio
897 2754 952 2791 nil
981 2754 1055 2791 nisi
1085 2753 1193 2792 triste
1222 2765 1338 2792 meo:

416 2849 499 2879 1954
523 2839 665 2872 Occiani
681 2839 841 2882 (occiani)
856 2839 985 2872 SGHT
1030 2839 1168 2871 occeani
1184 2838 1277 2870 CED
1402 2839 1486 2879 1965
1510 2838 1644 2871 inchola
1663 2839 1687 2870 S

378 2891 573 2923 CEHGDT

1757 800 1844 841 1960

1761 1462 1846 1493 1970

1763 2107 1848 2149 1980

1759 2767 1846 2801 1990

1733 2839 1844 2871 incola
