2095 3173
589 212 903 254 CAPITULA
943 212 1112 253 LIBRI
1156 213 1369 254 TERCII
1758 229 1781 267 7

586 368 814 416 Incipiunt
842 367 1054 416 Capitula
1083 367 1187 405 libri
1214 365 1379 406 Tercii.

179 473 379 523 Prologus.
412 473 494 511 Hic
521 473 616 511 dicit
642 473 763 523 quod,
786 485 916 522 exquo
941 485 1022 511 non
1049 485 1072 510 a
1099 473 1256 511 fortuna
1278 478 1337 511 set
1357 466 1505 511 meritis
1525 479 1563 512 et
1583 473 1783 512 demeritis

393 550 439 576 ea
466 550 544 588 que
570 551 644 577 nos
672 539 712 576 in
734 538 887 576 mundo
916 550 1102 587 prospera
1123 544 1161 576 et
1181 538 1349 576 aduersa
1368 550 1557 576 vocamus
1578 539 1699 588 digno
1719 539 1784 577 dei

393 603 541 641 iudicio
570 603 799 641 hominibus
827 603 1075 652 contingunt,
1104 603 1275 641 intendit
1298 609 1588 653 consequenter
1614 603 1783 643 scribere

392 668 443 706 de
470 675 573 706 statu
601 668 820 715 hominum,
847 668 1014 717 qualiter
1041 680 1082 706 se
1107 668 1159 706 ad
1183 681 1344 717 presens
1371 667 1529 716 habent,
1560 669 1781 707 secundum

390 734 467 771 hoc
487 734 597 783 quod
617 746 686 783 per
705 734 932 782 sompnium
953 733 1131 782 superius
1152 733 1303 771 dictum
1324 734 1421 772 vidit
1441 740 1479 772 et
1498 734 1661 772 audiuit.

175 797 306 847 Capm.
327 797 350 836 i.
385 798 466 836 Hic
497 805 635 837 tractat
664 798 831 848 qualiter
860 804 983 836 status
1013 805 1051 836 et
1080 798 1179 836 ordo
1209 798 1348 836 mundi
1378 798 1418 836 in
1448 798 1571 836 tribus
1601 799 1781 837 consistit

388 863 599 913 gradibus:
620 870 711 902 sunt
732 864 850 910 enim,
872 870 912 901 vt
932 863 1039 910 dicit,
1062 863 1211 911 Clerus,
1236 863 1417 911 Milicies,
1440 869 1479 901 et
1499 864 1778 913 Agricultores,

389 929 440 967 de
469 941 638 979 quorum
659 941 788 967 errore
815 929 954 967 mundi
976 929 1187 966 infortunia
1214 928 1329 966 nobis
1355 929 1601 978 contingunt.
1660 929 1780 967 Vnde

388 1006 457 1043 pre
490 994 574 1032 aliis
610 994 828 1032 videndum
862 999 922 1032 est
956 994 1006 1032 de
1040 1005 1168 1032 errore
1201 993 1317 1040 Cleri,
1351 994 1536 1043 precipue
1566 994 1606 1031 in
1640 994 1780 1032 ordine

388 1059 639 1108 prelatorum,
671 1059 740 1108 qui
776 1059 1026 1108 potenciores
1065 1058 1150 1096 aliis
1189 1058 1384 1105 existunt3
1432 1064 1470 1095 et
1508 1059 1634 1107 primo
1674 1058 1780 1096 dicet

388 1124 439 1162 de
478 1125 551 1162 illis
591 1124 659 1174 qui
698 1124 816 1163 Cristi
855 1123 1003 1161 scolam
1043 1122 1310 1172 dogmatizant
1348 1129 1387 1160 et
1425 1122 1509 1160 eius
1539 1123 1777 1161 contrarium

387 1196 612 1238 operantur.

172 1252 301 1303 Capm.
324 1253 359 1291 ii.
394 1254 476 1292 Hic
512 1254 687 1304 loquitur
720 1254 771 1292 de
803 1253 960 1303 prelatis
994 1253 1079 1300 illis,
1112 1253 1180 1303 qui
1202 1253 1384 1290 ¹carnalia
1417 1259 1649 1302 appetentes
1684 1253 1780 1292 vltra

385 1319 552 1357 modum
573 1319 741 1358 delicate
760 1319 911 1357 viuunt.

170 1383 301 1433 Capru.
324 1383 374 1422 iii.
409 1385 490 1422 Hic
506 1385 679 1434 loquitur
695 1385 746 1423 de
762 1384 920 1434 prelatis
938 1384 1022 1430 illis,
1042 1384 1109 1434 qui
1124 1383 1241 1422 lucris
1257 1383 1419 1422 terrenis
1440 1383 1604 1431 inhiant,
1627 1384 1778 1423 honore

384 1449 553 1499 prelacie
572 1450 759 1499 gaudent,
782 1455 821 1488 et
843 1461 925 1487 non
945 1455 986 1487 vt
1007 1449 1159 1498 prosint
1179 1448 1250 1487 sed
1270 1448 1477 1501 vtsspresint
1504 1448 1777 1507 episcopatum

385 1515 622 1553 desiderant.

169 1579 298 1628 Capm.
319 1579 386 1616 iiii.
421 1579 501 1617 Hic
536 1580 711 1630 loquitur
740 1579 791 1618 de
811 1579 976 1629 legibus
1005 1591 1144 1618 eorum
1173 1579 1365 1628 positiuis,
1401 1590 1479 1628 que
1513 1579 1695 1627 quamuis
1727 1579 1779 1617 ad

384 1645 535 1682 cultum
565 1645 697 1683 anime
727 1645 947 1684 necessarie
976 1657 1057 1683 non
1088 1651 1193 1692 sunt,
1222 1644 1394 1682 infinitas
1428 1649 1562 1682 tamen
1591 1644 1778 1690 constitu-

383 1709 518 1748 ciones
537 1710 650 1759 quasi
666 1710 813 1749 cotidie
827 1710 878 1748 ad
899 1722 1035 1748 eorum
1056 1710 1209 1747 lucrum
1229 1708 1346 1747 nobis
1365 1708 1534 1758 grauiter
1554 1708 1775 1757 imponunt.

168 1772 297 1822 Capm.
319 1786 352 1811 v.
387 1773 468 1811 Hic
494 1774 669 1824 loquitur
689 1775 740 1813 de
767 1775 924 1824 prelatis
951 1774 1036 1822 illis,
1059 1774 1127 1823 qui
1143 1774 1260 1812 ‘bona
1281 1773 1420 1811 mundi
1441 1773 1672 1822 temporalia
1691 1785 1777 1822 pos-

383 1839 558 1877 sidentes
580 1840 794 1889 spiritualia
815 1840 1015 1877 omittunt.
1511 1828 1515 1831 ¹

167 1902 297 1953 Capm.
318 1903 369 1941 vi.
402 1903 483 1941 Hic
511 1904 687 1954 loquitur
716 1905 883 1954 qualiter
913 1904 1066 1943 Cri-stus
1096 1915 1235 1952 pacem
1264 1902 1344 1941 suis
1371 1902 1574 1952 discipulis
1601 1902 1711 1941 dedit
1738 1909 1777 1941 et

383 1969 563 2019 reliquit:
593 1969 690 2007 dicit
709 1976 843 2007 tamen
864 1969 974 2019 quod
996 1969 1117 2007 modo
1138 1975 1297 2018 propter
1318 1967 1424 2006 bona
1445 1974 1599 2005 terrena
1619 1980 1776 2017 guerras

383 2034 523 2072 saltem
539 2040 676 2072 contra
697 2034 915 2073 Cristianos
936 2034 1072 2083 prelati
1089 2033 1242 2083 legibus
1263 2033 1342 2070 suis
1363 2032 1542 2082 positiuis
1563 2032 1775 2079 instituunt

382 2105 421 2137 et
441 2105 716 2148 prosequntur.
1354 2089 1356 2091 ¹

165 2162 296 2212 Capm.
318 2163 382 2201 vii.
413 2163 495 2201 Hic
515 2163 690 2213 loquitur
709 2163 876 2213 qualiter
896 2164 1022 2201 clerus
1045 2163 1083 2200 in
1103 2174 1239 2200 amore
1265 2162 1329 2200 dei
1355 2168 1394 2199 et
1420 2161 1586 2211 proximi
1611 2159 1773 2200 deberet

382 2227 470 2277 pius
490 2233 529 2266 et
550 2227 710 2276 paciens
731 2228 906 2275 existere,
930 2235 968 2266 et
989 2240 1070 2265 non
1092 2227 1316 2266 bellicosus.

166 2293 294 2342 Capm.
316 2293 393 2330 viii.
426 2293 508 2330 Hic
528 2298 668 2330 tractat
689 2292 814 2330 eciam
835 2293 1002 2342 qualiter
1019 2305 1099 2330 non
1120 2292 1236 2330 decet
1257 2292 1427 2341 prelatos
1448 2303 1495 2329 ex
1515 2290 1773 2340 impaciencia

380 2364 518 2395 contra
545 2357 738 2406 populum
766 2356 1007 2396 Cristianum
1033 2357 1255 2407 aliqualiter
1277 2356 1380 2395 bella
1400 2367 1562 2394 mouere
1575 2369 1586 2403 3
1615 2362 1673 2394 set
1694 2362 1775 2393 tan-

380 2429 465 2460 tum
495 2434 542 2460 ex
572 2422 756 2471 precibus
789 2422 942 2472 absque
971 2423 1122 2473 impetu
1157 2423 1211 2460 ire
1244 2433 1406 2468 omnem
1445 2421 1522 2459 deo
1559 2420 1775 2458 adiuuante

380 2487 521 2526 mundi
541 2487 756 2526 deuincant
777 2488 987 2526 maliciam.
1017 2478 1022 2481 “

166 2552 294 2602 Capm.
318 2552 366 2590 ix.
398 2552 480 2589 Hic
505 2558 645 2590 tractat
672 2553 793 2602 quod,
816 2553 918 2591 sicut
945 2565 1027 2591 non
1054 2553 1170 2591 decet
1196 2551 1383 2590 dominos
1411 2550 1646 2599 temporales
1667 2562 1774 2588 usur<

207 2658 266 2691 iiii.
294 2659 362 2690 Hic
378 2659 534 2698 loquitur
546 2659 718 2698 quomodo
734 2659 956 2700 diligentibus
979 2659 1136 2700 positiuis
1153 2658 1249 2699 quasi
1272 2658 1427 2697 quotidie
1449 2667 1538 2688 noua
1554 2657 1780 2688 instituuntur

165 2711 264 2742 nobis
280 2715 410 2751 peccata
431 2711 557 2750 quibus
579 2715 691 2742 tamen
711 2712 806 2752 prius
828 2712 915 2743 fiunt
939 2711 1055 2752 prelati
1079 2715 1214 2751 propter
1228 2710 1363 2741 lucrum
1379 2710 1580 2749 dispensant
1597 2713 1626 2740 et
1642 2719 1683 2740 ea
1700 2709 1776 2739 fieri

165 2762 262 2793 liberi
279 2767 416 2802 propter
429 2771 550 2792 aurum
566 2763 759 2802 permittunt
778 2764 808 2794 D
949 2774 982 2795 v.
1002 2773 1016 2793 1
1044 2762 1111 2793 illis
1128 2773 1196 2793 om.
1216 2762 1246 2791 D
1388 2761 1431 2793 vi.
1453 2771 1466 2791 1
1492 2759 1642 2800 loquitur
1657 2770 1724 2792 om.
1744 2759 1775 2789 D

165 2824 185 2844 2
209 2813 290 2844 dicit
314 2813 341 2844 E
403 2813 526 2844 dicitur
549 2814 644 2845 CGD
798 2815 857 2848 vii.
885 2825 899 2846 1
926 2813 1078 2855 loquitur
1100 2824 1166 2845 om.
1195 2813 1225 2843 D
1383 2812 1451 2843 viii.
1479 2822 1492 2842 1
1520 2811 1626 2842 eciam
1651 2821 1717 2843 om.
1743 2811 1774 2841 D

167 2876 186 2897 2
210 2864 401 2905 aliqualiter
416 2875 481 2897 om.
501 2865 530 2895 D
