2095 3173
585 249 772 290 LIBER
811 249 1084 290 TERCIUS
1489 264 1565 303 145

210 357 264 394 Vt
292 363 411 406 queat
440 355 481 394 in
510 355 620 395 viciis
648 355 720 394 rite
749 356 906 394 studere
934 369 1066 406 vagus.

211 420 279 459 Nil
308 422 467 460 decreta
494 423 653 472 placent
682 420 757 459 sibi
785 434 859 459 nec
888 434 997 459 sacra
1025 420 1234 472 theologia,

209 487 284 524 Ars
314 486 389 525 sibi
418 494 555 525 nature
585 486 726 525 sufficit
755 486 879 524 immo
908 499 1001 525 sue:
1483 502 1567 532 1410

210 552 304 601 Ipsa
333 551 516 601 magistra
544 553 662 590 docet
691 564 751 590 res
780 552 922 601 plures,
953 551 1070 590 discit
1098 559 1137 590 et
1166 551 1241 599 ille,

211 616 355 654 Scribit
384 624 422 655 et
451 616 492 654 in
521 623 639 654 nocte
668 629 746 666 que
776 618 908 655 studet
936 616 1021 666 ipse
1050 617 1125 656 die.

211 682 262 718 Et
290 688 449 731 propter
477 682 645 719 formam
674 682 836 719 tandem
865 680 962 731 petit
991 681 1075 732 ipse
1103 683 1342 729 cathedram,

208 746 263 784 Vt
291 745 340 784 sit
368 747 419 784 ad
449 747 525 784 hoc
554 747 708 793 ductus,
740 747 853 796 plura
881 747 949 784 dat
976 746 1060 797 ipse
1089 747 1219 797 prius:

209 810 274 849 Sic
303 818 362 849 est
390 818 547 849 curatus
576 810 749 850 doctoris
779 812 873 850 sede
901 812 1065 859 locatus,

211 877 371 926 Datque
400 877 568 927 legenda
597 876 677 915 suis
707 876 861 915 mistica
889 876 972 915 iura
1001 877 1128 916 scolis.

267 943 351 980 ‘Ve
380 941 477 989 soli,’
506 942 672 992 legimus
701 956 748 981 ex
777 942 976 993 scripturis
1006 942 1240 990 Salomonis,

210 1008 397 1057 Namque
425 1007 551 1045 virum
581 1009 709 1046 solum
739 1021 858 1046 nemo
887 1007 1047 1058 requirit
1076 1021 1191 1046 eum:

211 1073 303 1121 Qua
331 1072 488 1111 racione
517 1074 623 1111 scole
653 1086 739 1111 mos
769 1080 839 1120 est,
870 1074 980 1123 quod
1010 1072 1178 1123 quisque
1208 1074 1364 1112 studere

211 1137 344 1176 Debet
373 1151 464 1176 cum
494 1137 601 1176 socia
630 1138 771 1176 doctus
800 1137 840 1175 in
870 1145 952 1176 arte
980 1151 1062 1177 sua.
1486 1154 1570 1185 1420

212 1203 304 1252 Ipse
333 1204 431 1242 deus
461 1202 609 1241 sociam
638 1202 731 1241 fecit
759 1216 828 1252 per
857 1204 990 1241 secula
1018 1202 1197 1253 primam,

211 1269 266 1305 Vt
294 1267 403 1306 iuuet
433 1269 506 1306 hec
535 1267 751 1315 hominem,
783 1267 919 1317 sicque
948 1267 1095 1306 creauit
1124 1281 1239 1306 eam:

212 1334 416 1371 Masculus
446 1332 486 1371 in
514 1332 642 1383 primo
671 1334 797 1371 factus
826 1332 910 1380 fuit,
941 1340 1060 1383 atque
1089 1333 1269 1372 secundo

213 1398 388 1446 Femina,
420 1399 476 1437 sic
504 1406 544 1437 vt
573 1398 613 1436 in
643 1398 718 1437 hiis
747 1400 814 1437 det
844 1400 942 1437 deus
971 1412 1057 1437 esse
1085 1412 1234 1449 genus:

211 1465 373 1514 Istaque
401 1463 593 1514 principia
620 1463 811 1502 discretus
840 1471 967 1502 rector
995 1465 1149 1514 agenda

212 1530 432 1576 Perstudet‚
464 1536 503 1567 et
531 1536 623 1567 vota
650 1529 788 1579 prebet
817 1528 857 1567 in
886 1536 968 1568 arte
997 1529 1071 1580 pia.

214 1593 314 1643 Quis
343 1594 552 1645 laterisque
582 1594 641 1633 sui
670 1602 821 1633 costam
851 1608 970 1645 quam
1001 1594 1119 1634 sentit
1147 1594 1286 1634 abesse

212 1661 307 1698 Non
336 1667 508 1710 cuperet,
539 1673 607 1710 per
636 1673 756 1710 quam
785 1661 1036 1710 perficeretur
1065 1661 1217 1699 homo?

215 1724 347 1763 Prima
374 1724 444 1763 viri
473 1732 583 1763 costa
613 1725 752 1763 mulier
781 1725 852 1763 fuit
881 1725 967 1776 ipsa
994 1733 1134 1773 creata,

212 1791 309 1828 Vult
337 1790 453 1840 igitur
481 1798 633 1828 costam
662 1798 789 1829 rector
817 1790 964 1829 habere
993 1804 1116 1829 suam.
1486 1805 1571 1838 1430

213 1856 319 1893 Nam
349 1857 448 1894 deus
477 1857 693 1903 humanam
723 1855 897 1906 precepit
926 1869 1101 1894 crescere
1129 1862 1298 1905 gentem,

213 1920 337 1960 Cuius
365 1928 552 1970 precepto
580 1919 857 1970 multiplicabit
885 1921 1032 1958 homo:

213 1984 278 2024 Sic
308 1985 383 2023 sibi
413 1985 646 2036 multiplicat
675 1993 811 2033 rector,
843 1986 939 2024 dum
969 1998 1105 2023 semen
1134 1984 1353 2031 habundat,

213 2052 269 2088 Vt
298 2050 347 2089 sit
376 2050 552 2089 mandati
582 2064 663 2089 non
692 2064 779 2089 reus
809 2050 893 2100 ipse
922 2050 997 2089 dei.

213 2117 363 2156 Causas
391 2130 461 2166 per
488 2117 584 2154 tales
613 2123 740 2154 rector
767 2115 909 2165 probat
937 2122 976 2154 et
1003 2114 1192 2162 raciones,

217 2182 339 2231 Quod
369 2181 443 2220 sibi
472 2181 549 2220 sint
579 2181 696 2228 socie,
728 2183 825 2220 dum
855 2188 930 2219 stat
955 2180 996 2218 in
1025 2188 1106 2219 arte
1136 2181 1253 2219 scole.

214 2246 347 2284 Primo
376 2246 580 2287 materiam
609 2253 825 2296 conceptus
854 2253 1003 2293 tractat,
1035 2253 1074 2284 et
1102 2246 1221 2293 illam,

213 2313 269 2350 Vt
296 2311 427 2350 veniat
455 2319 598 2362 partus,
631 2319 706 2350 stat
734 2313 951 2362 repetendo
980 2311 1103 2362 magis
1118 2326 1128 2359 3

213 2376 279 2415 Sic
307 2376 400 2427 legit
428 2384 466 2416 et
495 2384 656 2424 textum,
687 2376 780 2427 legit
809 2384 847 2415 et
875 2378 1026 2427 glosam
1056 2390 1172 2426 super
1199 2375 1321 2423 illum,

215 2443 270 2480 Vt
299 2443 406 2480 scola
433 2442 635 2492 discipulis
665 2441 714 2480 sit
742 2443 938 2492 patefacta
966 2441 1069 2480 suis:
1488 2456 1571 2488 1440

216 2506 408 2545 Verberat
436 2506 519 2557 ipse
548 2520 685 2558 regens
714 2520 785 2557 pro
814 2508 941 2545 forma
969 2520 1062 2557 sepe
1092 2507 1271 2553 scolares,

216 2573 270 2610 Vt
299 2571 404 2622 vigili
431 2572 536 2622 virga
565 2572 613 2610 sit
641 2572 733 2623 vigil
761 2572 847 2623 ipsa
875 2573 991 2611 scola.

217 2638 380 2686 Quanto
409 2637 580 2676 formalis
610 2638 733 2689 magis
762 2645 866 2676 extat
894 2637 935 2675 in
963 2644 1045 2675 arte
1073 2637 1253 2686 legendo,

220 2704 292 2741 Est
320 2715 420 2752 opus
449 2702 490 2740 in
518 2710 628 2741 tanto
657 2703 857 2742 materiale
886 2702 1031 2741 minus.

218 2769 314 2806 Non
342 2767 454 2806 labor
481 2775 649 2815 excusat,
682 2769 824 2807 doceat
853 2768 949 2818 quin
978 2774 1095 2806 nocte
1124 2766 1279 2817 dieque,

219 2834 313 2882 Quo
342 2831 417 2870 sibi
445 2833 513 2871 dat
541 2846 709 2871 vacuum
739 2833 963 2872 sollicitudo
992 2840 1134 2882 caput:

219 2897 387 2947 Questio
416 2910 588 2947 namque
617 2910 698 2945 sua,
729 2911 849 2948 quam
878 2898 1052 2949 disputat
1080 2911 1165 2936 esse
1193 2898 1441 2948 profundam,

165 2961 261 2983 *aar*
830 2974 854 3000 L
