2095 3173
672 229 860 270 LIBER
901 229 1202 279 QUARTUS

313 336 548 375 Conuentus
577 342 710 374 custos
740 335 890 373 Genius
919 335 1122 373 confessor
1150 341 1189 373 et
1217 341 1332 382 extat,

313 402 365 439 Et
394 401 635 451 quandoque
664 402 795 439 locum
825 401 989 450 presulis
1018 401 1102 449 ipse
1130 407 1264 439 tenet:

312 466 395 505 Sub
425 467 557 516 specie
586 466 678 504 iuris
708 466 748 503 in
777 466 948 504 claustro
978 466 1106 504 visitat
1136 466 1251 515 ipsas,

312 533 423 580 Quas
452 533 615 570 veniens
644 532 837 579 thalamis,
869 532 951 569 iure
981 539 1160 581 negante,
1193 532 1300 582 regit.

311 598 368 635 Sit
398 598 489 635 licet
516 598 555 634 in
585 609 684 646 capa
713 598 867 644 furrata,
899 597 995 634 dum
1025 597 1145 635 docet
1174 597 1269 646 ipse,

311 663 431 700 Nuda
461 670 594 700 tamen
623 662 738 700 valde
767 663 850 700 iura
879 662 1073 700 ministrat
1103 663 1181 701 eis:

312 727 467 765 Iudicio
497 727 614 765 Genii
645 739 714 776 pro
744 727 869 775 culpis
899 734 990 765 sunt
1018 728 1201 777 lapidate,

312 791 378 830 Set
408 805 538 841 neque
568 792 743 829 mortalis
772 799 956 842 aggrauat
986 793 1086 830 ictus
1116 805 1193 831 eas.

310 857 347 896 O
377 858 497 896 virtus
527 858 619 896 cleri
649 870 740 895 cum
771 858 818 895 sit
847 865 981 896 custos
1010 859 1244 905 animarum,

310 924 473 971 Quanta
501 923 716 961 sacerdotis
744 930 854 972 gesta
882 923 998 961 beata
1027 926 1189 973 patent!

309 989 420 1026 Alter
448 995 488 1026 vt
517 988 601 1037 ipse
630 988 739 1035 deus,
764 986 869 1037 'quas
899 989 1077 1038 percutit,
1109 989 1193 1038 ipse
1222 989 1413 1036 medetur,

310 1054 373 1091 Ne
402 1053 495 1091 foris
523 1065 546 1090 a
575 1053 673 1091 cella
702 1065 831 1092 sermo
860 1054 992 1092 volare
1021 1062 1151 1103 queat.

309 1119 349 1157 Si
380 1125 490 1168 pater
519 1125 578 1156 est
607 1125 779 1165 sauctus,
812 1119 867 1156 sic
897 1126 1021 1157 mater
1049 1125 1196 1165 sancta,
1220 1126 1278 1157 set
1308 1120 1435 1158 infans

308 1185 507 1231 Sanccior,
537 1197 583 1223 ex
613 1185 783 1222 claustro
813 1185 855 1222 fit
885 1185 977 1234 quia
1007 1192 1122 1223 natus
1152 1185 1285 1223 homo.

311 1251 405 1288 Hoc
433 1262 557 1299 genus
587 1250 726 1287 incesti
756 1249 1011 1298 dampnabile
1040 1250 1188 1299 grande
1218 1257 1409 1299 putarem,

309 1316 367 1354 Sit
397 1316 471 1353 nisi
501 1315 609 1365 quod
639 1315 779 1353 mulier
807 1315 858 1353 de
888 1315 1047 1353 leuitate
1077 1315 1197 1353 cadit.

309 1382 403 1419 Non
433 1379 646 1430 temptabis
676 1393 742 1418 eas
774 1381 901 1430 igitur,
934 1380 1009 1418 scis
1040 1393 1214 1430 namque
1244 1381 1353 1430 quod
1383 1393 1500 1418 vnam

308 1447 412 1484 Rem
442 1446 585 1495 poterit
614 1446 789 1495 fragilem
819 1447 995 1496 frangere
1024 1458 1143 1484 causa
1171 1446 1294 1494 leuis;

308 1512 473 1550 Femina
503 1524 595 1549 nam
624 1511 779 1549 iuuenis
809 1512 882 1549 nisi
913 1518 1136 1560 preseruata
1166 1512 1390 1561 frequenter

310 1578 428 1615 Extat
457 1590 505 1615 eo
535 1576 678 1627 fragilis
708 1577 818 1626 quod
846 1589 971 1626 genus
1001 1589 1087 1615 esse
1117 1577 1258 1616 docet:

308 1645 417 1681 Dum
448 1655 576 1680 nouus
607 1643 645 1680 in
675 1643 789 1681 viridi
819 1643 1040 1681 iuuenescit
1068 1643 1215 1681 cortice
1244 1655 1386 1690 ramus,

307 1708 559 1747 Concuciens
588 1713 769 1746 tenerum
799 1707 975 1757 quelibet
1004 1720 1098 1745 aura
1127 1715 1222 1745 ruet.

308 1773 357 1811 In
387 1772 532 1822 quibus
562 1780 620 1810 est
649 1773 826 1810 claustris
856 1773 1013 1822 sapiens
1043 1772 1235 1810 discrecio
1264 1780 1409 1819 custOS,

307 1838 516 1877 Clauditur
544 1850 591 1876 ex
620 1838 707 1875 altis
737 1838 897 1886 sepibus
927 1838 1001 1875 ista
1030 1849 1151 1886 seges.

308 1904 429 1940 Facta
458 1902 530 1940 fuit
560 1903 703 1952 fragilis
733 1902 784 1940 de
813 1903 909 1939 limo
938 1902 1066 1939 carnis
1096 1902 1216 1951 origo,

307 1968 476 2006 Sedibus
506 1980 528 2005 e
558 1968 708 2016 superis
738 1967 895 2016 spiritus
925 1967 990 2004 ille
1019 1967 1148 2004 venit:

307 2034 472 2083 Spiritus
501 2040 560 2071 est
589 2039 805 2082 promptus,
836 2033 991 2070 infirma
1021 2045 1139 2080 car03
1178 2032 1301 2081 magis
1331 2044 1423 2081 ergo

307 2099 401 2137 Noli
431 2111 521 2137 cum
553 2099 636 2136 sola
666 2099 773 2136 solus
804 2098 950 2136 habere
979 2099 1140 2136 locum:

307 2166 401 2203 Non
431 2163 551 2202 debet
581 2164 664 2202 sola
692 2176 784 2202 cum
815 2164 899 2202 solo
928 2164 1036 2213 virgo
1066 2175 1238 2210 manere,

307 2231 518 2279 Famaque,
550 2242 631 2267 non
662 2236 768 2267 tacto
797 2241 974 2277 corpore,
1004 2228 1153 2266 crimen
1183 2228 1314 2266 habet.

306 2295 414 2333 Sicut
443 2301 482 2333 et
511 2300 570 2333 est
599 2294 786 2341 claustris,
819 2293 872 2331 ita
902 2294 950 2331 sit
980 2293 1161 2331 custodia
1191 2293 1352 2342 campis,

307 2361 443 2398 Ludus
473 2361 544 2398 erit
573 2360 702 2398 licitus
731 2366 770 2397 et
799 2359 910 2397 labor
938 2365 1052 2408 aptus
1082 2359 1162 2396 eis:

307 2425 398 2463 Hiis
428 2425 512 2463 sine
541 2423 630 2463 labe
659 2425 756 2463 iocis
786 2425 901 2462 liceat
931 2423 1171 2461 monialibus
1201 2423 1265 2469 vti,

308 2492 398 2539 Que
427 2490 555 2539 pudor
583 2496 621 2528 et
651 2490 756 2539 leges
786 2496 824 2527 et
854 2502 923 2526 sua
954 2489 1036 2526 iura
1066 2488 1212 2526 sinunt.

306 2556 465 2593 Velatas
495 2555 585 2593 ideo
614 2555 758 2604 fragilis
788 2567 838 2592 ne
868 2554 1030 2592 subruat
1059 2566 1174 2600 error,

306 2620 389 2659 Sub
419 2621 649 2658 moderante
679 2633 799 2658 manu
830 2620 939 2658 frena
967 2619 1112 2668 pudica
1141 2619 1290 2656 iuuant.

360 2685 470 2734 Quid
500 2685 630 2731 michi,
663 2685 693 2722 si
723 2686 829 2723 fallat
858 2697 952 2722 vxor
981 2684 1031 2722 de
1060 2683 1197 2721 fraude
1226 2683 1423 2728 maritum,

306 2751 386 2799 Qui
417 2750 537 2787 nichil
566 2750 692 2787 vxoris
723 2751 795 2787 scit
825 2762 955 2799 neque
985 2750 1088 2786 facta
1116 2748 1254 2786 videt?

306 2816 372 2853 Set
402 2815 452 2853 de
482 2815 618 2853 fraude
647 2827 718 2852 sua
747 2815 866 2852 miror
892 2826 969 2864 que
999 2813 1146 2863 decipit
1176 2814 1318 2863 ipsum,

818 2890 882 2928 635
906 2889 963 2929 qui
981 2888 1038 2920 (ΞΕ

1594 230 1670 280 183

1604 537 1670 568 600

1605 1191 1668 1221 610
