2095 3173
357 206 435 234 110

829 194 958 235 VOX
1000 193 1358 235 CLAMANTIS

463 299 652 339 Vestibus
682 306 721 338 et
751 300 850 338 facie
879 300 1020 348 longus
1050 299 1148 336 nitet
1178 298 1277 336 ordo
1306 298 1507 344 clientum,

464 366 530 404 Ad
559 365 712 404 domini
742 371 860 402 nutus
888 362 1003 402 turba
1031 369 1165 412 parata
1193 363 1326 402 leues:

466 431 531 470 Sic
560 431 721 469 modico
750 429 875 467 ventri
905 435 1036 466 vastus
1066 428 1129 465 vix
1157 428 1299 465 sufficit
1329 425 1448 474 orbis,

466 498 601 545 Atque
629 495 898 532 ministrorum
927 493 1093 532 vocibus
1122 493 1211 531 aula
1240 492 1383 530 fremit.

467 563 641 599 Tantum
672 559 874 606 diuitibus,
905 559 989 597 aliis
1019 571 1100 597 non
1126 559 1225 597 festa
1254 564 1451 608 parantur,

470 627 556 664 Nec
585 625 688 663 valet
716 625 757 662 in
787 625 887 663 festo
917 637 1065 674 pauper
1093 623 1240 662 habere
1268 623 1400 661 locum
1415 637 1426 671 3

468 693 663 740 Vanaque
693 690 748 728 sic
777 690 901 739 pietas
931 696 1006 728 stat
1036 690 1139 728 victa
1167 689 1356 739 cupidine
1384 688 1529 727 ventris
1550 702 1559 735 3

471 757 580 794 Dum
610 756 659 793 sit
688 755 816 793 honor
845 754 972 801 nobis,
1004 754 1059 791 nil
1088 760 1289 803 reputatur
1318 766 1433 792 onus.

525 822 669 871 Sicque
697 821 843 859 famem
875 820 992 859 Cristi
1021 820 1153 869 presul
1181 819 1342 857 laudare
1369 819 1530 868 gulosus

472 887 678 934 Presumit,
711 887 838 925 simile
868 898 942 924 nec
971 885 1046 924 sibi
1076 884 1267 935 quicquid
1296 884 1400 934 agit;

472 952 677 1002 Quicquid
706 959 744 990 et
773 952 824 990 ad
853 951 999 989 vicium
1028 962 1136 989 mare
1164 950 1296 997 nutrit,
1328 956 1429 987 terra
1456 949 1518 987 vel
1548 960 1624 995 aer,

473 1018 614 1066 Querit
642 1016 843 1066 habetque
873 1016 946 1054 sibi
977 1015 1175 1054 luxuriosa
1204 1015 1353 1052 fames:

473 1083 662 1121 Esuriens
691 1083 823 1120 anima
852 1087 1081 1128 maceratur,
1113 1087 1152 1119 et
1181 1080 1265 1129 ipsa
1293 1080 1474 1128 voluptas

474 1149 613 1188 Carnis
643 1148 694 1186 ad
723 1160 928 1186 excessum
957 1154 1102 1185 crassat
1131 1147 1172 1183 in
1202 1158 1269 1184 ore
1297 1145 1441 1194 gulam.

475 1214 539 1252 Sic
568 1214 693 1263 epulis
721 1214 835 1263 largis
865 1220 924 1251 est
952 1213 1072 1262 pleno
1101 1218 1237 1250 ventre
1267 1210 1406 1249 beatus

478 1280 596 1326 Luce,
629 1286 688 1317 set
717 1279 756 1316 in
787 1278 924 1317 scortis
953 1277 1096 1327 gaudia
1126 1276 1254 1314 noctis
1284 1274 1430 1323 habet;

477 1346 663 1395 Cumque
690 1357 811 1395 genas
839 1343 996 1382 bibulas
1027 1343 1185 1382 Bachus
1214 1341 1449 1380 rubefecerit
1478 1339 1628 1386 ambas,

480 1412 604 1461 Erigit
633 1424 680 1449 ex
708 1411 875 1449 stimulis
905 1422 1053 1448 cornua
1082 1421 1176 1447 ceca
1205 1409 1367 1446 Venus:

479 1477 543 1515 Sic
571 1476 745 1526 preclara
773 1476 842 1513 viri
871 1476 1004 1522 virtus,
1036 1475 1092 1513 sic
1121 1475 1200 1512 vita
1229 1473 1346 1511 beata

481 1541 644 1580 Deliciis
673 1547 808 1591 pastus
837 1553 928 1578 cum
958 1540 1162 1578 meretrice
1191 1538 1323 1576 cubat.

480 1607 637 1657 Frigida
666 1606 773 1643 nulla
802 1605 914 1644 timet
943 1605 1190 1651 Acherontis,
1223 1615 1343 1653 quem
1373 1602 1611 1641 calefactum

480 1671 681 1711 Confouet
710 1670 848 1709 incesti
877 1670 1002 1708 lectus
1032 1681 1166 1707 amore
1195 1668 1281 1715 sui;

480 1736 625 1785 Sicque
653 1735 901 1783 voluptatum
929 1734 1034 1772 varia
1063 1733 1277 1772 dulcedine
1303 1732 1459 1782 gaudet,

482 1802 534 1839 Et
563 1800 768 1839 desideriis
798 1800 917 1838 seruit
946 1798 1092 1848 vbique
1122 1798 1226 1845 suis3

482 1866 626 1915 Sicque
655 1866 755 1910 ioco,
785 1876 939 1911 venere,
971 1864 1064 1901 vino
1093 1874 1344 1913 sompnoque
1371 1860 1523 1908 beatus,

484 1931 685 1981 Expendit
712 1931 792 1968 vite
820 1937 1000 1979 tempora
1027 1941 1128 1967 vana
1157 1940 1240 1967 sue.

484 1997 621 2036 Nescit
648 2003 840 2046 perpetuo
870 1995 979 2045 quod
1008 2001 1153 2032 torrem
1184 1994 1328 2031 nutriat
1357 1992 1438 2043 igni

485 2063 652 2111 Corpus,
683 2061 793 2110 quod
821 2061 940 2098 tantis
970 2060 1090 2098 nutrit
1118 2060 1266 2108 alitque
1296 2058 1438 2097 modis.

1767 377 1829 398 110

1773 1027 1837 1050 120

1777 1679 1839 1710 130

424 2218 503 2252 Hic
516 2217 701 2261 loquitur
720 2216 769 2251 de
786 2215 963 2260 prelatis
979 2215 1063 2249 illis
1081 2214 1151 2257 qui
1164 2213 1290 2247 lucris
1303 2211 1482 2247 terrenis
1495 2211 1674 2251 inhiant,
1688 2210 1848 2245 honore

379 2277 559 2322 prelacie
583 2275 779 2319 gaudent,
798 2275 840 2310 et
861 2284 946 2307 non
963 2276 1012 2308 vt
1034 2272 1199 2317 prosint
1216 2273 1283 2306 set
1300 2273 1350 2306 vt
1368 2270 1542 2314 presint,
1561 2270 1847 2314 episcopatum

379 2335 632 2370 desiderant.

250 2417 381 2466 Capm.
403 2416 454 2454 iii.

540 2416 673 2453 Nemo
701 2420 832 2464 potest
860 2425 973 2451 verus
1002 2411 1174 2450 dominis
1204 2410 1350 2449 seruire
1379 2408 1549 2456 duobus,

494 2481 630 2519 Presul
659 2480 700 2517 in
729 2479 859 2517 officio
888 2478 961 2516 fert
988 2484 1122 2515 tamen
1152 2476 1217 2513 illa
1245 2475 1350 2513 duo:

493 2545 631 2584 Eterni
659 2544 759 2594 regis
789 2555 949 2582 seruum
977 2554 1019 2581 se
1048 2542 1154 2588 dicit,
1186 2548 1225 2579 et
1254 2541 1338 2589 ipse

493 2611 671 2649 Terreno
700 2609 780 2659 regi
810 2609 929 2647 seruit
958 2614 998 2646 et
1025 2613 1126 2645 astat
1155 2606 1217 2645 ei:

494 2675 678 2724 Clauiger
707 2674 888 2712 ethereus
918 2674 1056 2710 Petrus
1085 2671 1222 2717 extitit,
1254 2671 1408 2719 isteque
1435 2668 1564 2719 poscit

495 2740 641 2780 Claues
670 2739 843 2778 thesauri
872 2738 973 2788 regis
1002 2736 1148 2775 habere
1177 2735 1263 2774 sibi.

983 2856 1043 2886 141
1069 2846 1208 2886 ipseque
1223 2844 1254 2876 D

1791 2617 1857 2661 1403
