2121 3173
485 215 806 258 VICIORUM
851 212 1263 256 PESTILENCIA
1531 226 1612 265 353

246 324 439 374 Expectat
467 324 687 374 dampnum
716 321 785 373 qui
812 321 905 361 facit
933 320 1028 360 inde
1055 321 1208 359 forum:

243 388 373 427 Testis
403 388 475 427 erit
504 389 625 428 Iudas
654 387 752 438 quid
780 387 852 426 erit
880 386 955 426 sibi
983 387 1062 425 fine
1091 384 1238 425 doloris
1253 398 1264 433 3

245 454 353 491 Dum
383 453 534 504 crepuit
563 452 729 500 medius,
760 454 877 502 culpa
905 451 1065 490 subibat
1093 463 1206 489 onus.

243 517 418 556 Penituit
447 519 616 567 culpam,
648 530 726 567 que
755 518 877 555 semel
906 515 981 554 nisi
1009 517 1154 554 fecerat
1182 514 1302 562 illam,
1548 528 1611 560 250

243 583 366 631 Quod
395 582 483 621 tulit
512 589 550 621 et
578 584 732 620 lucrum
760 581 934 621 reddidit
962 580 1046 631 ipse
1075 579 1206 619 statim
1222 594 1232 628 3

243 648 310 686 Set
339 661 413 686 nec
442 661 490 686 eo
519 647 674 686 veniam
704 646 846 686 meruit
875 660 949 685 nec
978 646 1124 685 habere
1154 647 1331 692 salutem,

244 713 330 750 Iam
360 713 463 750 valet
491 713 718 762 exemplum
746 713 824 750 tale
853 724 1015 750 mouere
1044 710 1181 749 virum.

241 776 434 815 Vendidit
463 775 547 827 ipse
576 778 699 815 semel
727 775 886 824 iustum,
917 789 991 815 nos
1020 774 1265 815 cotidianum

242 842 309 882 Ob
337 841 434 881 lucri
463 841 639 892 precium
668 841 878 881 vendimus
907 855 1027 880 omne
1056 842 1229 879 malum:

243 909 316 947 Ille
345 907 586 955 restaurauit,
618 915 676 946 set
705 920 778 946 nos
807 907 1074 958 restringimus
1103 919 1242 945 aurum
1258 920 1268 953 3

242 973 427 1021 Penituit,
459 980 518 1011 set
546 986 619 1011 nos
647 973 800 1023 absque
828 986 976 1023 pauore
1005 966 1165 1011 sumuss

243 1037 307 1077 Sic
337 1045 375 1076 et
403 1037 574 1076 auaricia
603 1044 712 1076 tanta
740 1037 892 1076 feritate
920 1044 1102 1088 perurget

243 1104 376 1143 Corda
403 1103 484 1150 viri,
517 1103 626 1153 quod
655 1103 705 1141 ab
734 1104 812 1142 hoc
841 1103 903 1141 vix
931 1104 1054 1141 homo
1082 1102 1181 1141 liber
1209 1100 1314 1140 abit:

242 1169 382 1208 Cessat
410 1167 573 1215 iusticia,
605 1175 812 1218 cessatque
840 1169 939 1207 fides
969 1167 1127 1215 sociata,
1547 1169 1610 1201 260

243 1235 364 1272 Fraus
393 1235 509 1272 dolus
537 1240 656 1283 atque
686 1246 801 1271 suum
831 1233 909 1272 iam
939 1233 1094 1272 subiere
1122 1233 1280 1271 locum:

243 1300 361 1338 Plebs
391 1298 475 1337 sine
504 1298 587 1337 iure
616 1306 760 1345 manet,
792 1312 874 1337 non
904 1306 962 1337 est
992 1298 1059 1349 qui
1088 1298 1172 1336 iura
1200 1304 1342 1344 tuetur,

243 1365 337 1402 Non
366 1371 425 1402 est
454 1363 522 1414 qui
551 1363 667 1411 dicat,
698 1363 782 1401 iura
810 1370 943 1402 tenere
972 1365 1111 1402 decet:

243 1427 442 1467 Omnibus
472 1427 513 1465 in
541 1428 680 1476 causis,
712 1427 779 1466 vbi
807 1435 944 1478 gentes
973 1428 1189 1466 commoda
1217 1432 1398 1477 querunt,

243 1493 362 1530 Nunc
392 1493 535 1531 modus
565 1500 623 1531 est
652 1506 730 1542 que
759 1493 857 1531 fides
886 1505 968 1530 non
998 1491 1183 1530 habuisse
1212 1492 1345 1529 fidem.

241 1558 331 1595 Vox
359 1556 457 1595 leuis
486 1556 552 1594 illa
581 1556 716 1604 Iacob,
750 1558 856 1595 Esau
885 1569 1026 1594 manus
1055 1555 1212 1606 hispida
1240 1568 1376 1605 nuper,

243 1623 334 1671 Que
362 1623 462 1660 foret
492 1621 566 1660 ista
594 1621 690 1669 dies,
722 1621 833 1672 signa
860 1623 991 1660 futura
1019 1621 1192 1660 dabant:

241 1686 413 1725 Alterius
443 1700 537 1725 casu
566 1693 642 1724 stat
671 1687 953 1736 supplantator,
984 1693 1023 1724 et
1052 1685 1136 1724 eius

243 1751 324 1800 Qui
353 1753 478 1789 fuerat
506 1751 636 1789 socius
666 1752 802 1789 fraude
831 1750 1025 1789 subintrat
1054 1763 1174 1800 opes:

244 1818 304 1855 Ex
333 1817 509 1865 dampno
537 1814 662 1853 fratris
691 1816 807 1853 frater
835 1828 906 1852 sua
934 1815 1149 1853 commoda
1177 1813 1304 1864 querit
1318 1827 1329 1861 3
1548 1828 1610 1862 ²70

242 1883 357 1920 Vnus
386 1880 418 1919 si
446 1880 577 1930 presit,
607 1879 760 1918 inuidet
788 1881 884 1918 alter
913 1879 972 1918 ei:

245 1945 366 1984 Filius
396 1952 487 1983 ante
516 1944 623 1983 diem
652 1951 812 1995 patruos
841 1943 919 1982 iam
949 1951 1101 1995 spectat
1129 1943 1170 1981 in
1198 1956 1336 1991 annos,

245 2012 332 2049 Nec
362 2009 469 2048 videt
498 2023 545 2048 ex
574 2008 698 2047 oculis
727 2022 822 2047 ceca
850 2008 998 2058 cupido
1027 2008 1131 2047 suis:

245 2076 365 2113 Nunc
392 2087 504 2112 amor
532 2081 590 2112 est
619 2075 736 2120 solus,
769 2087 842 2112 nec
872 2073 990 2112 sentit
1018 2073 1164 2111 habere
1194 2072 1425 2118 secundum,

246 2141 360 2178 Stans
390 2139 564 2189 odioque
593 2138 665 2177 tibi
695 2138 820 2188 diligit
849 2138 933 2189 ipse
962 2146 1039 2176 tua.

246 2204 355 2254 Quid
383 2206 516 2251 modo,
547 2217 719 2254 cumque
748 2217 887 2242 manus
917 2203 1104 2242 mentitur
1133 2204 1269 2242 dextra
1296 2202 1460 2250 sinistre,

245 2269 417 2308 Dicam?
455 2276 513 2307 set
541 2277 680 2307 caueat
707 2268 775 2319 qui
804 2269 999 2320 sapienter
1026 2268 1115 2319 agit.

244 2334 402 2372 Viuitur
431 2348 478 2372 ex
505 2336 615 2381 velle,
647 2347 729 2372 non
758 2334 927 2384 amplius
957 2342 1016 2373 est
1045 2333 1107 2372 via
1136 2341 1231 2381 tuta,

249 2400 403 2438 Cuncta
431 2399 551 2438 licent
581 2398 740 2449 cupido,
771 2400 870 2438 dum
899 2406 1013 2437 vacat
1042 2398 1127 2448 ipse
1156 2400 1266 2436 lucro
1281 2411 1292 2445 3

246 2465 379 2510 Arma,
410 2462 556 2512 rapina,
587 2464 715 2510 dolus,
745 2476 857 2502 amor
884 2462 1125 2501 ambiciosus
1154 2460 1340 2509 habendi,
1547 2469 1610 2500 280

248 2527 431 2578 Amplius
460 2529 511 2567 ad
539 2528 740 2578 proprium
771 2530 871 2567 velle
900 2535 1091 2578 sequntur
1119 2526 1215 2565 iter:

247 2594 331 2630 Lex
359 2592 446 2630 silet
473 2600 512 2631 et
540 2607 726 2632 nummus
756 2593 940 2643 loquitur,
971 2592 1031 2630 ius
1061 2591 1206 2631 dormit
1235 2599 1274 2630 et
1301 2604 1441 2631 aurum

249 2656 417 2707 Peruigil
446 2657 597 2696 insidiis
626 2657 746 2696 vincit
775 2658 921 2708 vbique
952 2657 1056 2695 suis:

249 2723 379 2759 Hasta
408 2729 524 2759 nocet
552 2722 651 2768 ferri,
683 2722 835 2772 gladius
865 2729 923 2760 set
952 2723 1040 2772 plus
1069 2729 1188 2761 nocet
1216 2721 1300 2760 auri
1315 2736 1326 2770 3

250 2787 390 2836 Regna
418 2786 506 2825 terit
535 2787 685 2834 mundi,
717 2787 852 2837 nilque
882 2787 1024 2826 resistit
1053 2787 1099 2826 ei.

334 2871 395 2902 251
423 2862 516 2901 Quot
533 2862 559 2892 C
692 2871 755 2901 252
781 2863 838 2893 Sic
856 2862 953 2894 CEH
1085 2863 1149 2902 265
1174 2866 1228 2894 est
1244 2863 1301 2903 qui
1317 2862 1412 2894 CEH

197 2915 292 2936 *ssss*
843 2929 910 2955 Aa
