2095 3173
153 2883 214 2913 109
231 2873 363 2914 margin
378 2873 421 2904 ad
437 2873 490 2904 sui
507 2873 649 2905 salutem
667 2874 784 2907 CHHa

638 216 835 256 PRIMA
877 216 1031 257 PARS

265 323 332 361 Nil
362 323 461 361 odor
489 323 640 360 incensi
670 330 764 361 tunc
793 323 937 372 profuit
967 320 1222 369 Eboracensi‚

207 390 275 427 Set
305 401 378 427 nec
407 387 521 426 mitra
549 388 679 426 choris
708 401 782 426 nec
811 400 907 437 opes
936 400 1010 426 nec
1038 387 1197 425 culmen
1227 386 1388 425 honoris
1403 399 1414 434 3

206 454 272 492 Ad
301 454 428 503 regale
457 454 557 491 latus
587 465 677 491 cum
708 454 794 502 plus
824 453 872 491 sit
901 453 952 491 ad
980 453 1057 490 alta
1085 453 1250 500 leuatus,

208 518 364 557 Corruit
393 531 415 556 a
444 518 550 565 sede,
581 518 637 555 sic
665 517 802 556 transit
830 518 960 567 presul
988 517 1039 556 ab
1069 517 1154 556 ede.

208 584 314 623 Cure
342 591 535 622 mercator
562 584 707 633 primas
737 584 808 620 fuit
837 590 875 621 et
904 583 1104 632 spoliator,

210 650 364 698 Pauper
393 656 432 687 et
460 648 641 696 abcessit,
674 661 793 698 quem
822 647 956 698 preuia
985 649 1100 697 culpa
1129 647 1336 697 repressit:

207 713 271 752 Sic
300 714 397 763 fugit
426 714 491 751 hic
520 714 644 763 predo
673 714 764 752 cleri
795 714 913 751 Noua
941 712 1031 750 villa
1062 713 1247 760 Macedo,

208 779 354 828 Quem,
383 779 476 828 quia
504 778 559 817 sic
587 777 692 825 vixit,
723 785 833 828 pater
861 779 1026 817 ecclesie
1054 777 1266 817 maledixit.

262 845 333 882 Est
363 844 510 883 Comes
539 844 674 891 elatus,
707 845 831 891 fallax,
863 843 1042 893 cupidus,
1074 845 1309 892 sceleratus3

207 910 382 948 Fraudes
411 922 480 959 per
510 910 622 948 Mille
651 916 726 947 stat
757 909 1024 949 Cancellarius
1054 910 1143 948 ille:

208 973 291 1012 Hic
320 987 500 1024 proceres
530 975 613 1013 odit
643 981 681 1013 et
710 987 847 1013 eorum
877 975 1039 1012 nomina
1067 975 1171 1013 rodit

209 1039 412 1078 Morsibus
441 1053 464 1078 a
492 1047 612 1090 tergo,
644 1041 686 1078 fit
715 1040 876 1078 tandem
906 1040 1092 1089 profugus
1122 1052 1224 1090 ergo.

206 1105 271 1143 Sic
299 1105 397 1143 deus
426 1104 466 1142 in
496 1106 590 1144 celis
618 1106 722 1143 mala
750 1105 800 1144 de
829 1112 949 1154 puteo
979 1105 1187 1144 Michaelis

206 1169 360 1208 Acriter
388 1177 584 1220 expurgat,
616 1183 667 1209 ne
695 1171 782 1220 plus
812 1183 945 1208 comes
975 1170 1039 1208 ille
1068 1176 1251 1219 resurgat.

255 1236 366 1273 Alter
393 1242 432 1274 et
461 1243 520 1274 est
548 1236 647 1283 talis,
679 1235 752 1274 sub
782 1235 881 1285 regis
910 1236 978 1285 qui
1003 1235 1122 1273 cubat
1150 1236 1232 1283 alis,

207 1300 342 1338 Mollis
372 1302 583 1349 confessor,
615 1301 784 1339 blandus
813 1301 1050 1350 scelerisque
1077 1302 1295 1350 professor:

208 1365 346 1404 Extitit
374 1365 439 1404 hic
467 1367 592 1413 frater,
624 1365 692 1416 qui
721 1372 796 1404 stat
824 1365 916 1404 foris
945 1365 1050 1404 intus
1080 1373 1118 1404 et
1146 1373 1239 1413 ater,

205 1429 329 1469 Cuius
359 1430 522 1481 nigredo
550 1432 658 1470 fedat
686 1432 774 1469 loca
801 1430 916 1481 regia,
947 1432 1078 1469 credo.

207 1495 289 1534 Hic
318 1496 390 1534 fuit
419 1496 576 1547 obliqus
604 1510 812 1547 procerum
841 1495 998 1534 latitans
1026 1495 1221 1543 inimicus,

206 1561 370 1612 Semper
398 1561 438 1600 in
466 1563 650 1612 augendo
679 1561 802 1612 magis
831 1561 928 1599 iram
958 1574 1077 1611 quam
1107 1560 1349 1600 minuendo:

207 1625 289 1664 Hic
318 1634 451 1665 tamen
480 1626 521 1665 in
550 1628 629 1666 fine
657 1627 766 1678 fugit,
797 1634 836 1666 et
865 1628 916 1665 de
944 1634 1048 1665 sorte
1077 1626 1189 1665 ruine

207 1691 298 1740 Que
327 1693 431 1730 mala
459 1692 684 1742 spondebat
711 1692 796 1730 aliis
824 1691 930 1742 prius
960 1691 1045 1742 ipse
1072 1692 1218 1731 luebat.

206 1757 307 1795 Sunt
336 1757 390 1795 ita
417 1757 584 1808 predicti
613 1757 742 1796 cordis
772 1756 982 1796 formidine
1010 1757 1114 1804 victi,

208 1822 271 1860 De
300 1821 456 1872 propria
483 1822 563 1860 viui
591 1829 692 1861 terra
720 1823 830 1872 quod
859 1829 950 1860 sunt
979 1821 1143 1871 fugitiui.

261 1888 377 1925 Tunc
405 1895 482 1926 tres
511 1901 690 1937 persone,
721 1887 788 1937 qui
816 1886 923 1937 pleni
952 1894 1043 1925 sunt
1071 1886 1240 1933 racione,

210 1951 413 1990 Iusticiam
442 1959 621 2002 querunt,
652 1965 783 2002 regem
813 1965 930 2001 super
958 1953 1036 1990 hoc
1063 1951 1254 1990 adierunt.

209 2018 296 2055 Rex
324 2017 396 2055 fuit
423 2018 474 2055 ad
504 2031 636 2056 muros
665 2017 800 2056 Turris
829 2030 1089 2067 proceresque
1117 2018 1268 2056 futuros

207 2081 329 2129 Vidit,
361 2090 400 2120 et
428 2096 475 2121 ex
503 2082 587 2120 visu
616 2082 804 2133 cognouit
833 2096 874 2121 se
904 2082 987 2121 sine
1016 2082 1105 2121 risu.

208 2147 380 2185 Armatis
409 2147 532 2186 turbis
561 2155 692 2198 portas
721 2147 956 2186 intrantibus
984 2147 1100 2195 vrbis,

211 2213 364 2250 Intrant
392 2214 562 2251 audaces
591 2226 772 2263 proceres
801 2212 842 2250 in
871 2226 968 2263 pace
997 2226 1186 2263 sequaces
1202 2227 1212 2261 ς

209 2276 366 2314 Turrim
395 2284 594 2327 ceperunt,
625 2277 692 2316 vbi
720 2277 819 2328 regis
848 2279 999 2317 honore
1028 2285 1229 2317 steterunt.

210 2340 306 2379 Eius
335 2349 375 2379 vt
403 2355 426 2380 a
453 2343 572 2381 latere
600 2342 745 2381 vicium
774 2343 945 2393 poterint
972 2357 1186 2390 remouere,

210 2407 282 2444 Est
310 2406 382 2445 iter
409 2406 628 2456 inuentum,
659 2415 835 2446 statuunt
864 2422 944 2458 quo
973 2408 1287 2459 parliamentum,

210 2472 264 2509 Vt
293 2471 348 2509 sic
376 2480 584 2522 purgarent
611 2473 800 2523 regnique
829 2481 973 2512 statum
1003 2480 1236 2523 repararent.

263 2537 385 2575 Terra
414 2544 580 2576 covnata
607 2539 732 2577 fuerat
760 2540 810 2578 de
839 2540 924 2589 lege
953 2545 1119 2586 vocata,

212 2603 299 2640 Rex
327 2603 448 2649 sedet,
479 2610 517 2640 et
545 2610 674 2642 tutum
703 2604 775 2643 fuit
804 2618 847 2643 os
877 2617 1090 2642 commune
1118 2605 1306 2642 locutum.

213 2666 320 2704 Dicit
349 2666 466 2713 enim,
498 2669 593 2706 tales
623 2668 691 2718 qui
719 2669 817 2719 regis
847 2670 1089 2708 collaterales

213 2731 431 2770 Extiterant
459 2740 606 2782 gentes,
637 2747 752 2784 super
780 2736 857 2773 hoc
886 2735 995 2784 quod
1025 2741 1116 2772 sunt
1143 2733 1347 2784 fugientes,

214 2796 412 2836 Iudicium
441 2799 517 2835 tale
545 2797 618 2836 fuit
646 2798 803 2838 exilium
831 2800 1035 2850 generale:

920 2885 981 2915 133
1005 2875 1092 2914 legis
1109 2874 1144 2906 H

1449 531 1509 554 100

1449 1186 1510 1209 110

1451 1838 1513 1860 120

1450 2489 1511 2520 130

1277 2873 1413 2906 collater
1425 2874 1497 2906 ales
1515 2875 1542 2907 C

1585 229 1665 268 317

1631 317 1785 356 Qualiter
1797 318 1906 349 statim
1922 323 2000 358 post

1586 360 1701 400 sugam
1746 363 1825 392 dicti
1858 363 2000 393 Comitis

1588 404 1726 436 Oxonie
1739 405 1942 436 Alexander
1957 407 1999 437 de

1587 448 1701 479 Nevill
1744 454 1825 480 tunc
1874 449 2001 480 Ebora-

1585 492 1697 523 censis
1718 493 1996 533 archiepiscopus,

1584 536 1642 575 qui
1654 536 1760 567 eciam
1775 547 1851 568 cum
1864 547 1944 575 rege
1964 537 1998 568 in

1582 581 1651 612 suis
1658 581 1823 613 erroribus
1832 582 2001 622 particeps

1584 630 1666 662 erat,
1677 630 1757 656 tunc
1771 631 1862 656 metu
1878 626 1999 657 ductus

1585 669 1752 699 consimili
1803 670 1883 708 fuga
1937 679 2000 709 per

1585 722 1679 743 mare
1695 722 1774 744 reus
1791 713 1911 746 euasit.

1629 841 1786 881 Qualiter
1794 842 1944 874 Michael
1961 842 2003 872 de

1584 885 1617 916 la
1631 886 1721 925 Pole‚
1733 886 1859 917 Comes
1873 887 1998 919 Suffol-

1586 930 1650 968 cie,
1682 930 1739 969 qui
1774 934 1855 961 tunc
1905 933 1998 971 regis

1585 973 1818 1004 Cancellarius
1825 978 1905 1012 erat,
1917 975 1996 1006 dum

1586 1027 1624 1048 se
1641 1017 1843 1057 culpabilem
1857 1019 1993 1059 senciit,

1584 1065 1680 1091 trans
1702 1071 1794 1091 mare
1816 1062 1922 1092 eciam
1940 1073 1998 1094 na-

1584 1104 1732 1143 uigando
1769 1105 1810 1135 ad
1852 1106 1996 1138 salutem

1581 1148 1661 1179 alibi
1678 1158 1717 1179 se
1728 1148 1880 1180 muniuit.

1628 1233 1784 1273 Qualiter
1800 1235 1907 1266 eciam
1925 1235 1997 1275 epi-

1584 1287 1707 1317 scopus
1724 1278 1902 1318 Cicestrie‚
1916 1284 1997 1310 tunc

1585 1322 1676 1360 regis
1705 1322 1889 1357 confessor,
1914 1333 1996 1353 con-

1584 1365 1673 1396 scius
1693 1365 1793 1405 culpe
1816 1371 1935 1397 extera
1950 1367 1998 1398 lo-

1584 1418 1622 1439 ca
1646 1413 1767 1448 petens
1791 1410 1925 1450 propria
1951 1411 1999 1442 fu-

1583 1452 1709 1492 giendo
1727 1452 1873 1493 reliquit.

1628 1887 1782 1926 Qualiter
1794 1893 1864 1919 tres
1882 1898 1999 1928 proce-

1584 1940 1639 1962 res
1650 1933 1692 1962 de
1702 1932 1840 1970 querela
1850 1933 1998 1963 antedic-

1584 1975 1609 2005 ti
1642 1975 1839 2006 Londonias
1871 1976 1999 2014 pariter

1584 2019 1813 2053 aduenientes,
1825 2029 1899 2049 cum
1909 2030 2000 2059 rege,

1585 2067 1665 2093 tunc
1681 2063 1770 2102 apud
1789 2063 1921 2093 Turrim
1939 2074 1997 2094 ex-

1584 2106 1719 2141 istente,
1752 2117 1814 2146 pro
1846 2107 1998 2137 remedio

1584 2150 1618 2180 in
1642 2150 1818 2189 premissis
1843 2150 1998 2189 optinen-

1584 2194 1640 2231 do,
1665 2198 1801 2225 seruata
1828 2194 1919 2233 regis
1948 2205 2000 2225 re-

1585 2238 1754 2275 uerencia,
1795 2237 1998 2276 colloquium

1584 2281 1761 2320 pacificum
1786 2281 1996 2312 habuerunt:

1583 2325 1674 2355 vnde
1692 2325 1734 2354 de
1751 2325 1840 2363 regis
1856 2334 1998 2355 consen-

1584 2378 1624 2398 su
1636 2367 1893 2407 parliamentum
1909 2368 1998 2399 infra

1584 2411 1688 2442 breue
1728 2411 1914 2442 Londoniis
1949 2417 1997 2443 te-

1585 2456 1735 2486 nendum
1752 2455 1986 2495 optinuerunt.

1613 2543 1769 2582 Qualiter
1780 2544 1812 2573 in
1825 2543 1996 2583 principio

1584 2587 1797 2627 parliamenti
1811 2588 1997 2617 concorda-

1583 2635 1654 2662 tum
1666 2636 1726 2669 est,
1739 2631 1828 2670 quod
1840 2631 1998 2661 absencia

1584 2679 1664 2705 tunc
1697 2675 1830 2704 illorum
1862 2674 1927 2713 qui,
1962 2678 1997 2704 vt

1584 2717 1799 2758 premittitur,
1833 2728 1852 2748 a
1888 2727 1996 2757 regno

1583 2766 1708 2801 sponte
1747 2761 1930 2799 fugierunt,
1963 2761 1996 2790 in

1584 2810 1786 2845 perpetuum
1857 2804 1996 2834 exilium
