2095 3173
693 195 881 236 LIBER
924 195 1166 236 PRIMUS
1610 211 1661 249 79

301 301 353 339 Et
382 309 622 340 renouantur
651 314 699 340 eo
728 308 907 351 tempore
936 301 1018 339 iura
1046 301 1128 339 viri.

301 367 418 404 Tunc
446 368 552 416 prius
581 368 632 406 ad
661 367 870 405 dominum
900 367 1030 405 cordis
1060 366 1237 404 nouitate
1266 366 1447 404 reviuens

300 431 466 469 Cantica
495 433 735 470 celsithrono
764 432 891 470 laudis
921 432 1072 470 honore
1101 432 1218 470 dedi:

300 496 394 534 Non
424 503 557 535 tar'nen
586 498 637 535 ad
667 498 828 546 plenum
859 497 983 535 fateor
1012 509 1100 534 mea
1129 497 1249 535 corda
1278 497 1436 544 redisse,

302 561 382 609 Qui
412 562 514 600 mala
544 569 622 600 tam
654 561 786 600 subito
815 569 924 599 tanta
953 574 1021 611 per
1049 569 1141 600 ante
1170 563 1250 600 tuli.
1577 578 1662 611 2070

301 627 380 674 Qui
411 628 533 665 semel
562 635 620 665 est
650 628 754 665 lesus
785 627 913 664 fallaci
944 627 1062 675 piscis
1092 627 1142 665 ab
1173 627 1303 676 hamo,

300 691 401 740 Sepe
430 698 542 740 putat
571 691 730 741 reliquis
759 704 867 729 arma
897 691 1060 730 subesse
1090 692 1188 730 cibis
1205 706 1215 740 ;

299 754 377 790 Vix
406 754 499 791 satis
528 761 586 792 est
617 754 737 792 hodie
765 760 873 791 tutus
904 754 972 803 qui
1001 755 1146 792 corruit
1175 755 1270 801 heri,

299 819 549 868 Tranquillas
580 819 704 857 eciam
737 819 947 868 naufragus
978 819 1108 857 horret
1138 832 1283 869 aquas:

301 883 364 921 Sic
394 896 467 933 ego
498 885 591 921 dum
622 885 754 922 recolo
783 890 968 922 steteram
999 883 1143 934 quibus
1173 885 1256 933 ipse
1286 885 1451 935 periclis,

302 950 488 998 Dampna
517 950 645 998 priora
675 950 795 987 michi
824 950 1041 998 posteriora
1071 951 1237 989 timent:

302 1014 350 1051 In
380 1015 520 1064 pelago
549 1015 699 1064 positus
731 1015 787 1052 sic
816 1027 880 1053 me
909 1015 1137 1053 meminisse
1167 1016 1381 1064 procellam

303 1079 449 1126 Nosco,
482 1080 592 1129 quod
620 1092 643 1117 a
672 1080 816 1117 mentis
847 1092 928 1117 non
959 1080 1074 1117 cadet
1104 1081 1188 1128 ipsa
1217 1080 1301 1119 viis.

357 1146 428 1182 Me
457 1145 666 1183 miserum!
706 1152 856 1193 quanto
885 1157 1005 1194 cogor
1034 1145 1262 1182 meminisse
1292 1146 1428 1184 dolore

301 1210 510 1259 Temporis
540 1210 654 1257 illius,
686 1222 766 1259 quo
797 1209 911 1247 dolor
940 1210 1070 1247 omnis
1100 1213 1204 1247 erat!
1579 1218 1664 1248 2080

302 1276 421 1312 Nunc
450 1281 581 1313 tamen
613 1287 767 1320 euasus,
799 1275 891 1324 quia
921 1275 1011 1312 viuo
1041 1274 1170 1312 furore
1199 1282 1364 1323 remoto,

302 1340 405 1379 Cum
435 1340 563 1378 laudis
592 1339 717 1378 iubilo
747 1340 903 1377 cantica
932 1340 1045 1378 soluo
1075 1340 1163 1378 deo.

301 1406 420 1443 Stella
451 1405 579 1443 Maria
608 1405 736 1452 maris,
767 1405 888 1442 michi
917 1417 995 1454 que
1026 1405 1226 1443 mulcebat
1254 1418 1409 1444 amaros

302 1471 463 1508 Fluctus
494 1483 543 1508 ne
572 1471 732 1520 periam‚
764 1470 884 1508 laudo
913 1471 1071 1520 quietus
1100 1483 1201 1509 eam.

301 1536 470 1575 Gaudeo
499 1548 567 1585 pre
597 1536 751 1574 cunctis
781 1536 874 1585 quia
904 1549 986 1574 non
1016 1549 1080 1574 me
1111 1536 1212 1574 Cilla
1240 1536 1406 1582 vorauit,

302 1603 350 1640 In
380 1602 491 1639 cuius
521 1602 672 1651 positus
701 1608 857 1651 gutture
886 1608 993 1640 totus
1023 1614 1155 1640 eram:

302 1667 500 1705 Hostibus
530 1668 569 1705 in
600 1667 741 1705 mediis
771 1668 951 1717 interque
980 1668 1154 1716 pericula
1182 1680 1325 1715 versor,

301 1733 368 1770 Set
398 1733 543 1782 pietate
573 1733 637 1770 dei
667 1745 754 1770 sum
784 1733 906 1771 modo
936 1732 1035 1770 liber
1064 1745 1161 1782 ego:

302 1798 366 1835 Sic
395 1810 468 1847 ego
498 1798 660 1835 transiui
689 1797 857 1835 latebras
888 1798 1085 1835 horrenda
1114 1798 1280 1835 ferarum

303 1862 474 1912 Oraque,
506 1875 580 1900 nec
609 1863 746 1900 mortis
776 1875 929 1900 morsus
961 1862 1136 1900 habebar
1165 1862 1235 1900 eis.
1577 1878 1664 1911 2090

302 1928 356 1965 Vt
385 1940 472 1965 rosa
502 1940 571 1976 per
600 1927 732 1976 spinas
762 1940 843 1965 non
874 1927 986 1965 nouit
1014 1927 1199 1965 acumine
1227 1928 1362 1977 pungi,

303 1993 459 2042 Eripior
487 1993 619 2042 gladio
649 1994 705 2030 sic
734 1993 906 2031 ferientis
937 2005 1020 2042 ego.

357 2058 421 2096 Sic
450 2070 542 2095 cum
571 2058 764 2095 rusticitas
795 2059 918 2096 fuerat
948 2058 1108 2106 religata
1136 2057 1326 2106 cathenis,

304 2123 356 2161 Et
386 2124 546 2172 paciens
576 2130 711 2161 nostro
741 2123 918 2161 subiacet
948 2123 1012 2160 illa
1041 2122 1156 2171 pede,

301 2189 367 2226 Ad
396 2188 485 2239 iuga
513 2187 586 2227 bos
616 2189 742 2236 rediit,
774 2200 852 2238 que
882 2188 956 2226 sub
986 2188 1088 2226 aruis
1119 2200 1255 2226 semen
1285 2188 1400 2226 aratis

303 2254 450 2300 Creuit,
482 2260 520 2291 et
549 2266 572 2291 a
601 2253 707 2292 bello
736 2254 904 2291 rusticus
935 2253 1018 2302 ipse
1049 2254 1146 2291 silet.

303 2319 368 2356 Sic
397 2331 473 2368 ope
502 2319 638 2357 diuina
668 2319 840 2357 Sathane
869 2319 970 2356 iacet
999 2317 1140 2357 obruta
1169 2319 1304 2366 virtus,

306 2384 398 2432 Que
427 2391 560 2422 tamen
592 2384 786 2422 indomita
814 2384 1030 2421 rusticitate
1060 2384 1179 2431 latet;

305 2450 468 2498 Semper
497 2450 548 2487 ad
578 2450 779 2487 interitum
808 2462 900 2486 nam
932 2449 1099 2487 rusticus
1129 2448 1348 2495 insidiatur,

305 2513 345 2551 Si
373 2526 498 2563 genus
528 2514 745 2563 ingenuum
775 2513 945 2552 subdere
975 2514 1074 2552 forte
1104 2520 1232 2562 queat.
1578 2527 1664 2550 2100

306 2579 409 2616 Nam
440 2578 520 2616 fera
548 2579 743 2617 rusticitas
773 2579 884 2617 nullo
913 2579 1140 2617 moderatur
1168 2589 1316 2624 amore,

306 2643 440 2682 Corde
469 2650 528 2681 set
555 2644 724 2682 aduerso
754 2656 909 2693 semper
935 2656 1067 2682 amara
1095 2643 1215 2692 gerit:

306 2707 496 2746 Subditus
526 2709 609 2757 ipse
638 2709 751 2747 timet
780 2721 854 2747 nec
883 2715 989 2746 amat
1018 2708 1168 2746 seruilis
1198 2714 1336 2754 arator,

241 2803 329 2833 2070
365 2797 500 2833 perante
533 2793 567 2823 H
749 2803 835 2833 2073
867 2793 969 2824 hodie
998 2797 1092 2824 tutus
1126 2792 1149 2823 S
1211 2797 1304 2824 tutus
1335 2792 1437 2824 hodie
1468 2793 1663 2825 CEHGDT

198 2846 284 2876 2082
308 2845 419 2886 soluo]
436 2845 544 2884 psallo
563 2845 592 2875 D
725 2855 812 2886 2094
835 2846 910 2885 ipsa
926 2845 953 2876 C
