2095 3173
438 216 517 242 202

912 202 1041 243 VOX
1082 201 1441 243 CLAMANTIS

550 311 635 348 Nec
666 311 802 347 Venus
833 316 871 347 vt
901 309 1018 346 validi
1051 309 1194 346 militis
1224 315 1311 346 acta
1341 308 1448 346 sciat.

548 376 680 423 Quem
711 376 867 423 laqueat
898 373 1036 411 mulier
1066 386 1146 411 non
1177 373 1278 410 laxat
1307 372 1415 410 abire
1444 373 1678 422 frequenter,

550 441 681 478 Immo
712 440 834 489 magis
864 440 972 476 fatuo
1002 439 1125 476 voluit
1154 450 1288 476 amore
1318 450 1413 476 suo:

550 505 631 553 Qui
662 505 767 554 prius
797 512 855 543 est
885 504 994 551 liber,
1027 504 1118 541 facit
1147 510 1185 542 et
1216 516 1257 541 se
1286 511 1428 552 sponte
1458 502 1678 550 subactum,

550 571 719 607 Stulcior
748 576 807 607 est
837 570 956 607 stulto
986 570 1041 607 sic
1071 569 1312 618 reputandus
1343 569 1477 606 homo.

550 635 660 673 Bella
689 635 834 684 quibus
864 635 975 673 miles
1006 635 1113 673 fieret
1143 635 1333 683 captiuus,
1364 634 1415 672 ab
1445 634 1519 671 illis

552 700 722 749 Expedit
752 707 791 737 vt
820 700 952 750 fugiat,
984 701 1140 738 vincere
1170 700 1332 748 quando
1362 701 1510 749 nequit.

551 766 645 803 Non
675 766 775 804 vada
804 778 885 815 quo
913 766 1033 815 mergi
1065 766 1190 815 liquet
1220 773 1278 804 est
1308 765 1494 814 sapientis
1523 772 1563 803 vt
1593 765 1719 809 intret,

551 831 617 869 Set
647 832 770 880 magis
799 844 821 869 a
850 832 931 869 visa
961 838 1088 869 morte
1116 832 1285 869 refrenet
1314 831 1394 869 iter.

1869 452 1911 483 30

488 973 567 1007 Hic
598 974 782 1017 loquitur
815 974 996 1018 qualiter
1028 973 1162 1010 miles,
1189 973 1257 1017 qui
1284 973 1328 1007 in
1360 973 1547 1007 mulieris
1580 982 1767 1006 amorem
1799 981 1913 1006 exar-

444 1032 620 1067 descens
642 1043 694 1067 ex
719 1033 1064 1077 concupiscencia
1083 1043 1292 1067 armorum
1311 1043 1356 1067 se
1374 1032 1562 1076 implicat
1579 1031 1797 1071 exercicio,
1815 1040 1914 1065 vere

441 1090 581 1125 laudis
614 1092 814 1127 honorem
845 1093 898 1126 ob
925 1092 1005 1126 hoc
1034 1092 1278 1126 nullatenus
1304 1093 1495 1126 meretur.

1546 1089 1754 1124 Describit
1782 1089 1914 1123 eciam

442 1149 712 1185 infirmitates
746 1152 906 1185 amoris
940 1151 1064 1191 illius,
1100 1151 1216 1185 cuius
1249 1150 1474 1194 passiones
1508 1149 1643 1183 variis
1681 1147 1913 1182 adinuicem

405 1236 408 1240 .
442 1209 626 1243 motibus
643 1210 824 1244 maxime
842 1210 1168 1244 contrariantur.

330 1288 458 1337 Capm.
483 1290 518 1327 ii.

607 1291 643 1329 O
673 1292 702 1328 si
734 1299 903 1328 mutatas
933 1291 1045 1329 miles
1075 1298 1256 1340 pensaret
1284 1290 1429 1328 amoris

555 1358 655 1394 Tam
686 1356 818 1394 subito
848 1357 1003 1404 formas,
1036 1369 1118 1394 non
1148 1363 1345 1405 pateretur
1374 1368 1452 1393 eas.

554 1423 646 1459 Non
677 1435 787 1459 amor
816 1422 993 1459 vnicolor
1022 1428 1080 1459 est
1109 1428 1169 1459 set
1198 1422 1415 1459 contrarius
1446 1421 1485 1458 in
1516 1432 1569 1466 se,

554 1488 634 1535 Qui
665 1488 749 1525 sine
779 1488 968 1536 temperie
998 1493 1189 1535 temperat
1219 1499 1305 1524 esse
1334 1486 1464 1533 vices3

555 1554 713 1602 Detegit
743 1560 862 1602 atque
892 1553 997 1602 tegit,
1030 1553 1219 1602 disiungit
1248 1565 1358 1590 amor
1388 1565 1466 1601 que
1495 1551 1676 1601 reiungst,

556 1619 733 1667 Letaque
762 1618 882 1655 corda
911 1630 983 1655 suo
1014 1630 1107 1666 sepe
1137 1618 1274 1655 dolore
1303 1617 1403 1654 furit.

556 1684 626 1720 Est
656 1695 767 1720 amor
796 1683 964 1720 iniustus
995 1683 1124 1727 iudex,
1153 1683 1319 1720 aduersa
1350 1683 1536 1720 maritans

554 1751 704 1786 Rerum
737 1756 893 1786 naturas
924 1749 1162 1797 degenerare
1192 1748 1306 1786 facit:

555 1815 762 1853 Consonat
792 1814 1009 1851 Architesis
1039 1814 1079 1850 in
1109 1826 1254 1859 amore,
1287 1813 1457 1850 sciencia
1487 1813 1623 1859 nescit,

557 1881 618 1917 Ira
650 1880 809 1925 iocatur,
841 1879 969 1917 honor
999 1879 1142 1925 sordet,
1174 1878 1380 1916 habundat
1409 1891 1554 1928 egens3

558 1947 653 1983 Leta
683 1946 831 1992 dolent,
864 1944 1047 1994 reprobat
1077 1945 1173 1992 laus,
1205 1944 1435 1993 desperacio
1465 1950 1605 1992 sperat,

557 2011 654 2059 Spes
684 2011 834 2056 metuit,
868 2017 1032 2059 prosunt
1062 2010 1188 2056 noxia,
1221 2010 1327 2046 lucra
1358 2017 1528 2056 nocent3

555 2076 745 2113 Anxietas
775 2075 814 2111 in
844 2088 978 2112 amore
1009 2075 1119 2124 sapit,
1151 2075 1343 2112 dulcescit
1372 2087 1561 2120 amarum,

556 2142 705 2179 Vernat
733 2153 882 2190 yemps,
914 2141 1058 2178 sudant
1087 2141 1238 2190 frigora,
1270 2139 1432 2178 morbus
1461 2141 1539 2177 alit.

559 2207 622 2243 Sic
653 2206 776 2255 magis
805 2213 845 2242 vt
875 2218 1031 2253 caueas,
1060 2206 1184 2252 miles,
1218 2205 1287 2243 tibi
1317 2206 1399 2243 visa
1429 2206 1583 2255 pericla,

560 2273 648 2309 Has
678 2272 763 2321 lege
793 2284 890 2320 quas
920 2271 1064 2308 formas
1095 2271 1256 2308 morbus
1285 2272 1429 2308 amoris
1460 2271 1590 2309 habet.

615 2338 685 2375 Est
714 2350 825 2375 amor
853 2349 943 2386 egra
973 2337 1086 2383 salus,
1119 2343 1256 2374 vexata
1286 2337 1408 2385 quies,
1441 2337 1528 2385 pius
1559 2349 1673 2383 error,

561 2403 708 2440 Bellica
737 2415 822 2451 pax,
855 2402 995 2439 vulnus
1025 2402 1151 2448 dulce,
1184 2414 1305 2439 suaue
1335 2402 1495 2447 malum,

560 2469 688 2505 Anxia
718 2468 857 2513 leticia,
890 2467 950 2504 via
980 2467 1108 2514 deuia,
1140 2467 1204 2504 lux
1236 2465 1456 2513 tenebrosa,

560 2533 761 2582 Asperitas
791 2533 930 2580 mollis,
963 2532 1151 2582 plumbea
1181 2544 1309 2570 massa
1338 2532 1448 2579 leuis,

564 2599 794 2636 Florescens
824 2607 862 2636 et
891 2611 1029 2648 yemps
1058 2605 1097 2636 et
1127 2611 1192 2637 ver
1222 2598 1307 2635 sine
1337 2597 1499 2635 fioribus
1529 2610 1654 2644 arens,

563 2666 600 2700 V
603 2665 738 2702 rticata
767 2677 864 2711 rosa,
897 2666 957 2702 lex
986 2665 1071 2702 sine
1100 2664 1182 2701 iure
1210 2676 1317 2713 vaga,

498 2756 658 2797 Ileading
682 2767 694 2786 1
723 2767 837 2788 amore
854 2757 947 2788 DLT

500 2819 543 2846 40
567 2808 649 2847 Quii
670 2809 734 2839 Oui
762 2810 786 2840 S

455 2861 623 2892 arelitesis
639 2861 667 2892 T

1873 1500 1915 1531 40

1877 2155 1920 2185 50

918 2820 959 2849 45
995 2808 1184 2840 Architesis
1203 2808 1411 2850 (architesis)
1432 2808 1626 2840 CEHGDL
1693 2808 1871 2839 Archtesis
1897 2807 1920 2838 S
