2121 3173
556 241 847 282 SECUNDA
882 241 1036 282 PARS
1548 257 1628 297 325

173 347 328 386 Incidet
357 347 397 385 in
427 354 622 386 mortem:
661 350 787 386 trahat
816 350 919 387 hanc
949 362 1068 399 quam
1099 350 1181 386 vult
1211 348 1283 387 sibi
1314 356 1470 388 sortem.
1548 350 1762 391 longinquas,
1794 355 1827 380 vt
1854 351 1897 382 ibi
1925 351 1958 381 in

172 413 251 463 Qui
281 427 373 451 cum
403 426 491 463 rege
519 427 631 464 pares
660 415 813 452 fuerant
842 421 936 452 tunc
965 413 1201 461 consiliares‚
1547 404 1683 468 Ξῇἷῇῐξ
1709 400 1959 477 ρῑὲεὲιεῖῗὲῗυζ

170 480 316 517 Vrsum
345 486 596 528 temptarunt,
628 478 711 517 eius
741 492 902 529 quoque
931 480 1030 517 velle
1059 479 1300 529 probarunt:
1548 481 1762 520 mancipauit.
1878 480 1883 485 ”

170 543 252 582 Hic
281 543 401 582 vitam
431 550 569 594 portat,
600 543 698 582 alius
729 552 976 594 mortemque
1005 552 1176 594 reportat
1191 559 1202 593 3

170 609 251 647 Hie
280 611 516 656 consolatur,
547 608 645 646 alius
676 610 918 659 quandoque
948 608 1118 647 minatur
1135 624 1146 657 3

169 674 350 724 Quisque
378 675 492 712 dolos
522 673 642 723 fingit,
674 673 819 723 quibus
848 673 938 712 Vrsi
967 682 1127 724 pectora
1156 674 1318 725 stringit,

169 741 262 788 Quo
292 739 422 777 minus
451 738 630 789 agnoscit
658 738 755 789 quid
784 738 862 789 regi
894 739 1025 778 dicere
1054 739 1188 790 possit.

169 804 312 854 Sicque
342 804 522 855 fatigatus
552 805 713 843 tandem
743 806 794 843 de
822 805 911 843 labe
940 812 1069 843 reatus

169 871 218 908 Se
247 871 329 908 fore
358 869 587 908 conuictum
617 869 769 908 reddit:
808 869 880 908 fuit
909 871 986 908 hoc
1016 871 1118 908 male
1147 869 1326 909 dictum:
1468 879 1528 909 180

168 934 255 973 Tali
285 948 466 973 sermone
495 942 755 973 concrescunt
778 934 862 973 iura
890 948 1047 982 corone,

168 1002 254 1039 Rex
282 1008 359 1039 tres
388 999 546 1047 deuicit‚
578 1014 676 1038 vnus
706 1000 799 1050 quia
826 999 917 1038 talia
946 999 1051 1039 dicit.

167 1067 231 1104 Ad
261 1065 360 1115 regis
389 1073 481 1104 vota
508 1064 581 1103 fuit
609 1065 699 1103 Vrsi
728 1065 857 1104 diccio
886 1072 979 1113 tota,

167 1132 380 1181 Omneque
409 1132 622 1181 respondet
650 1131 825 1178 verbum,
858 1131 967 1180 quod
997 1144 1062 1168 rex
1091 1130 1165 1168 sibi
1195 1132 1389 1181 spondet:

167 1198 234 1234 Set
263 1209 355 1234 cum
385 1195 441 1234 sic
470 1209 559 1234 vere
589 1195 669 1245 regi
698 1203 810 1246 putat
840 1195 924 1246 ipse
952 1197 1118 1246 placere,

170 1260 291 1311 Regis
321 1268 360 1299 et
388 1261 439 1299 ad
468 1268 610 1298 nutum
639 1261 821 1311 sperabat
851 1274 892 1299 se
921 1261 1004 1299 fore
1032 1268 1172 1307 tutum,

166 1327 282 1364 Tunc
312 1325 434 1377 magis
462 1326 593 1364 amisit
621 1339 700 1376 que
728 1339 794 1365 rex
823 1325 897 1364 sibi
926 1327 1060 1365 federa
1089 1325 1193 1364 misit
1208 1341 1219 1375 3

165 1392 270 1429 Nam
300 1393 410 1442 quod
439 1391 618 1442 promisit
647 1405 712 1430 rex
741 1399 901 1442 pactum
931 1391 1104 1441 denique
1133 1391 1225 1439 risit,

166 1458 217 1494 Et
246 1456 301 1495 sic
331 1458 490 1495 delusus
520 1456 592 1495 fuit
620 1458 743 1494 Vrsus
772 1457 822 1495 ab
852 1470 919 1495 ore
948 1458 1132 1503 reclusus,

165 1523 283 1560 Vnde
312 1521 421 1572 pium
450 1522 614 1560 verbum
643 1529 759 1571 gustu
786 1521 912 1571 magis
941 1528 1046 1560 extat
1074 1522 1274 1560 acerbum.
1465 1539 1525 1571 190

165 1587 270 1633 Heu,
302 1599 422 1636 quam
451 1600 511 1625 res
541 1586 681 1625 tristis!
718 1588 807 1634 heu,
839 1600 959 1637 quam
988 1586 1061 1625 fuit
1089 1600 1194 1625 error
1223 1586 1262 1624 in
1292 1586 1385 1634 istis,

163 1653 338 1701 Quando
367 1665 482 1690 suum
512 1659 673 1702 pactum
702 1666 767 1690 rex
796 1665 878 1691 non
907 1651 1092 1702 produxit
1121 1651 1161 1690 in
1190 1656 1347 1690 actum!

164 1716 293 1767 Fingit
321 1724 360 1755 et
388 1716 540 1767 ignorat
569 1730 647 1767 que
676 1731 741 1756 rex
770 1725 865 1756 tunc
894 1718 1031 1756 fraude
1060 1719 1219 1765 colorat,

164 1782 226 1820 De
255 1781 400 1831 quibus
429 1789 631 1820 extentum
661 1782 749 1820 finis
778 1784 897 1821 docet
925 1782 1250 1832 experimentum.

163 1848 286 1885 Vrsus
314 1848 515 1897 poscebat,
546 1848 656 1897 quod
686 1861 751 1885 rex
780 1860 861 1885 non
891 1847 1130 1897 perficiebat,

165 1912 251 1950 Nec
280 1912 404 1962 pudet
433 1912 510 1949 hoc
538 1919 703 1961 gestum,
735 1911 882 1950 fraudis
911 1913 1021 1962 quod
1050 1919 1130 1950 erat
1160 1911 1421 1951 manifestum.

162 1977 307 2014 Vrsum
336 1983 621 2026 contemptum,
652 1978 760 2014 nulla
787 1976 932 2027 pietate
961 1977 1222 2026 redemptum,

165 2040 292 2079 Exilio
321 2042 528 2091 demptum
559 2040 692 2079 statuit
721 2054 786 2080 rex
815 2055 900 2080 esse
929 2049 1204 2092 peremptum:

164 2107 299 2144 Insula
326 2113 421 2144 tunc
450 2105 622 2144 hominis
651 2106 866 2157 longinqua
894 2120 971 2157 que
1001 2109 1118 2157 plena
1145 2106 1266 2145 ruinis

164 2172 329 2210 Carcere
359 2171 561 2210 concludit
589 2174 746 2219 Vrsum,
778 2186 898 2222 quem
927 2186 1030 2223 pena
1059 2172 1232 2212 retludit.
1456 2189 1519 2213 200

163 2237 284 2286 Quod
314 2236 369 2274 sic
398 2237 566 2284 ledebat,
597 2237 677 2287 regi
705 2251 787 2276 non
816 2237 1044 2287 sufficiebat,

162 2303 228 2340 Set
256 2300 361 2351 capit
389 2315 436 2340 ex
464 2309 549 2340 toto
578 2309 697 2341 terras
726 2304 872 2342 herede
901 2311 1065 2351 remoto,

162 2367 248 2404 Nec
277 2366 352 2404 sibi
380 2366 583 2405 dimissam
612 2370 736 2406 solam
765 2370 874 2407 fouet
902 2368 966 2407 hic
997 2368 1262 2416 Comitissam,

161 2433 227 2469 Set
257 2430 378 2481 magis
406 2431 566 2479 amouit‚
597 2432 757 2483 inopem
787 2446 906 2483 quam
937 2433 1056 2473 Curia
1084 2433 1207 2472 nouit.

160 2495 224 2534 Sic
252 2509 317 2534 rex
345 2496 502 2543 deleuit,
533 2510 652 2547 quem
681 2506 764 2536 tota
791 2498 996 2548 prouincia
1024 2498 1156 2546 fleuit3

161 2561 223 2598 Ne
252 2562 381 2610 plures
410 2562 526 2608 ledat,
554 2562 725 2602 moriens
754 2563 860 2613 prius
889 2563 973 2613 ipse
1002 2564 1170 2602 recedat.

162 2627 300 2664 Restat
329 2626 460 2664 adhuc
489 2626 572 2665 dira
601 2641 715 2666 mons
747 2630 879 2666 Ethna
908 2630 1054 2666 latente
1083 2628 1157 2666 sub
1186 2628 1241 2666 ira

160 2689 291 2740 Regis,
322 2691 527 2741 dumque
555 2693 659 2731 faces
687 2692 810 2743 magis
840 2693 993 2731 obtinet
1021 2692 1131 2732 inde
1160 2706 1329 2732 voraces.

159 2757 291 2806 Quem
320 2768 385 2794 rex
414 2755 543 2803 iratus,
575 2757 790 2807 quamuis
819 2757 921 2796 sine
950 2759 1056 2796 labe
1085 2766 1253 2806 reatus,

95 2849 160 2879 208
183 2848 345 2889 dumque]
363 2848 420 2887 qui
438 2848 525 2879 HHs
650 2849 746 2891 inde]
764 2851 820 2881 ille
838 2851 925 2882 HHe
1051 2862 1115 2892 209
1127 2851 1148 2883 f.
1173 2852 1328 2892 quamuis
1345 2853 1419 2884 sine
1437 2852 1512 2884 labe

52 2906 166 2932 reatus
182 2899 323 2941 Tangit]
341 2899 452 2940 tetigit
469 2901 512 2931 de
529 2900 602 2932 face
618 2906 731 2933 reatus
749 2902 830 2934 Eius
850 2902 936 2934 HHs
