2095 3173
623 254 813 295 LIBER
852 254 1167 296 SEPTIMUS
1553 271 1632 310 277

277 360 392 398 Plura
421 358 531 398 dabit
559 361 717 408 Veneri,
749 361 798 399 sit
827 361 937 411 quod
965 361 1119 400 adulter
1147 361 1224 400 ibi:
1572 379 1632 409 170

276 426 431 475 Pauper
460 426 566 464 enim
596 426 712 464 frater
740 427 844 476 capit
873 426 938 464 hic
968 427 1077 476 quod
1106 427 1161 465 ibi
1190 426 1309 475 dabit,
1342 434 1381 466 et
1410 428 1465 466 sic

276 492 357 528 Aut
387 491 486 529 dans
515 498 581 529 aut
610 492 770 540 capiens
799 492 953 541 proficit
982 492 1046 530 ille
1075 493 1209 542 magis.

276 556 324 594 In
354 568 472 593 causa
501 557 623 605 fragili
653 556 708 594 sic
736 563 871 594 causat
900 557 1029 594 fictilis
1059 565 1152 604 etas,

274 621 368 669 Quo
397 633 504 658 nunc
533 621 584 659 de
613 621 715 658 facili
745 622 932 671 frangitur
959 622 1090 659 omnis
1119 623 1251 661 homo.

328 686 438 723 Ficta
468 693 526 723 set
554 686 742 735 ypocrisis
772 686 928 725 fraudes
957 687 1084 726 celare
1113 688 1279 726 latentes

273 750 471 800 Temptat‚
503 757 542 789 et
571 750 728 789 occulto
759 751 886 800 turpia
915 752 1026 800 plura
1055 752 1171 791 facit:

271 816 336 854 Sic
365 816 468 865 viget
497 816 536 853 in
565 815 665 854 facie
695 816 775 854 ficti
804 816 960 865 palloris
989 817 1151 865 honore,

272 881 445 919 Macrior
472 887 513 919 vt
541 882 671 919 vultus
701 881 860 920 sordida
890 882 991 920 facta
1020 889 1147 932 tegat:

272 946 338 984 Set
368 958 498 995 neque
527 947 680 984 iusticia
709 947 886 985 maxillas
915 948 1059 986 mentis
1087 948 1264 996 adornat,

271 1012 403 1062 Immo
432 1012 592 1061 placens
621 1012 773 1051 mundo
802 1013 875 1050 fert
903 1013 1114 1051 maledicta
1142 1014 1232 1052 deo.
1565 1023 1626 1052 !80

270 1076 334 1115 Sic
363 1077 484 1114 vrtica
513 1089 600 1115 rose
629 1077 771 1135 faciem
800 1078 958 1125 furatur,
989 1084 1028 1116 et
1056 1079 1156 1116 auri

269 1141 352 1180 Sub
382 1142 513 1190 specie
541 1141 750 1191 plumbum
780 1142 847 1180 dat
877 1142 1027 1181 latitare
1055 1144 1239 1183 dolum:

269 1206 334 1244 Sic
362 1207 456 1245 latet
484 1207 674 1245 iniustum
703 1207 777 1245 sub
807 1208 920 1255 iusto,
952 1209 1008 1246 sic
1037 1209 1293 1247 maledictum

270 1271 353 1310 Sub
383 1278 531 1320 sancto,
564 1285 641 1322 que
671 1273 814 1310 scelus
845 1272 917 1310 sub
947 1273 1145 1312 recolente
1175 1275 1320 1313 fidem:

268 1337 468 1375 Virtutum
497 1337 708 1375 clamidem
738 1337 829 1375 foris
860 1337 999 1384 induit,
1032 1338 1257 1377 interiorem

269 1402 466 1451 Contegat
494 1409 534 1439 vt
562 1403 731 1451 culpam,
764 1415 814 1440 ne
843 1403 931 1452 quis
960 1403 1146 1442 abhorret
1175 1416 1275 1442 eam.

266 1467 330 1505 Sic
358 1467 451 1505 foris
479 1474 640 1516 apparet
669 1467 867 1505 rutilans
896 1467 1078 1515 albedo,
1111 1475 1180 1507 set
1208 1469 1313 1507 intus

265 1532 408 1571 Omnis
437 1533 629 1582 spurcicie
658 1539 762 1571 tecta
791 1533 955 1582 nigredo
984 1534 1101 1572 latet:

265 1598 328 1636 Sic
357 1598 491 1648 quasi
520 1611 605 1636 vox
634 1598 763 1647 pacis
792 1597 952 1636 odium
981 1598 1224 1637 blanditur
1252 1600 1309 1638 ad
1338 1612 1482 1648 aures,

264 1661 328 1701 Os
356 1663 434 1701 dat
463 1661 706 1713 amicicias
736 1675 963 1712 mensque
991 1664 1201 1702 timenda
1230 1665 1403 1711 mina53
1557 1653 1624 1713 '190

264 1728 409 1777 Sicque
437 1727 678 1766 columbinis
708 1735 783 1766 stat
811 1729 952 1777 pennis
981 1741 1125 1767 coruus
1154 1730 1332 1776 amictus,

263 1793 442 1831 Turturis
472 1800 516 1831 et
544 1794 667 1831 falco
696 1793 808 1843 fingit
837 1792 1010 1832 habere
1038 1795 1248 1833 modum:

264 1857 328 1895 Sic
356 1858 511 1895 animus
541 1858 713 1895 Sathane
741 1857 840 1906 gerit
867 1865 1072 1906 aspectum
1102 1858 1306 1906 Gabrielis‚

265 1923 337 1960 Est
366 1929 483 1971 caput
512 1923 664 1970 ancille,
696 1923 823 1960 cauda
849 1929 908 1960 set
936 1923 1074 1972 anguis
1104 1923 1198 1962 erit:

264 1988 328 2025 Sic
357 1987 505 2026 mellita
533 1988 640 2025 bona
669 1988 754 2026 visu
783 1986 855 2025 tibi
884 1994 1077 2025 monstrat
1105 1995 1250 2037 aperta,

265 2052 355 2100 Que
384 2052 416 2089 si
444 2051 630 2101 gustabis,
662 2059 753 2090 sunt
781 2051 852 2089 tibi
881 2052 998 2089 mirra
1025 2052 1160 2101 magis.

265 2118 385 2155 Disce
413 2117 522 2166 quod
550 2117 737 2166 ypocrisis
767 2123 825 2155 est
853 2117 1035 2155 demonis
1064 2118 1192 2165 archa,
1223 2118 1419 2156 reclusum

262 2182 344 2220 Sub
373 2195 452 2231 qua
480 2183 630 2232 peccati
658 2182 835 2221 continet
865 2194 984 2220 omne
1014 2183 1173 2232 nephas.

264 2248 357 2285 Non
386 2259 479 2285 acus
509 2247 702 2286 abscondi
731 2248 833 2285 valet
863 2248 903 2284 in
933 2260 1059 2294 sacco,
1093 2255 1151 2286 set
1179 2248 1232 2286 ad
1260 2254 1367 2286 extra

261 2312 453 2349 Feruidus
482 2324 529 2349 ex
558 2312 716 2350 stimulo
746 2312 855 2362 quod
884 2312 1063 2350 videatur
1090 2313 1194 2364 agitj
1556 2330 1617 2352 200

261 2377 347 2414 Nec
375 2377 469 2414 latet
498 2377 685 2426 ypocrisis
715 2377 768 2415 ita
797 2377 907 2426 quod
936 2389 1018 2415 non
1049 2389 1090 2415 se
1119 2378 1353 2423 manifestat,

261 2441 311 2478 Et
341 2453 410 2479 sua
438 2442 547 2490 quod
575 2442 694 2479 virtus
723 2454 805 2480 non
834 2442 974 2479 viciata
1001 2447 1132 2490 patet,

260 2507 435 2555 Hocque
463 2506 523 2544 sui
550 2507 696 2544 vicium
725 2507 814 2545 vicii
842 2507 924 2545 vult
953 2506 1127 2555 pandere
1154 2506 1317 2556 glosam,

261 2572 370 2609 Dum
398 2571 489 2608 furit
518 2572 745 2621 impaciens,
777 2572 832 2609 ira
861 2572 1008 2610 reuelat
1037 2584 1152 2610 eum:

198 2647 259 2677 182
283 2645 397 2676 dolum
413 2645 567 2677 SCGDL
622 2656 719 2677 suurn
738 2646 835 2677 EHT
955 2646 1015 2684 184
1039 2643 1167 2686 scelus]
1185 2644 1283 2675 dolus
1299 2643 1364 2675 ΕΗ
1485 2646 1544 2683 187
1562 2656 1615 2676 ru-

150 2698 250 2729 tilans
266 2697 386 2728 albedo
402 2702 456 2728 set
473 2697 623 2728 SCGDL
667 2697 763 2729 albus
780 2698 892 2738 paries
909 2702 1022 2728 tamen
1040 2697 1137 2727 EHT

196 2749 288 2790 189f.
422 2748 478 2780 Sic
502 2749 584 2780 soris
607 2759 650 2779 ex
671 2760 753 2781 auro
778 2750 927 2781 tumulus
951 2748 1173 2790 splendescit,
1201 2753 1235 2779 et
1258 2748 1347 2779 intro

424 2801 521 2832 Fetet
545 2802 702 2841 putredo,
726 2802 898 2833 vermibus
921 2811 1000 2832 esca
1023 2810 1110 2833 caro.
1158 2800 1256 2831 EHT

152 2853 211 2883 DL
242 2852 323 2883 have
352 2853 425 2884 both
457 2853 520 2884 this
549 2853 672 2894 couplet
700 2853 771 2884 and
798 2854 924 2884 thatin
952 2853 1002 2883 the
1027 2855 1091 2883 text
1249 2862 1310 2892 192
1343 2851 1430 2883 falco
1459 2850 1611 2883 SCGDL

149 2905 243 2937 nisus
261 2904 358 2937 EHT
