2095 3173
634 223 823 264 LIBER
861 223 1135 265 TERCIUs
1541 239 1617 277 119

258 328 345 367 Nec
373 341 483 368 sacre
511 329 603 368 fidei
633 330 801 368 collocat
831 330 914 380 ipse
943 330 1120 368 domum.

258 394 330 432 Est
360 406 452 431 narn
483 407 587 432 mors
617 395 766 441 odium,
799 395 898 433 sicut
927 395 1116 444 scriptura
1145 394 1312 443 fatetur;

257 459 338 507 Qui
368 459 503 497 fratres
533 460 618 497 odit
647 466 706 497 est
736 460 936 498 homicida
965 460 1049 499 sui:

258 522 476 571 Quomodo
506 536 578 561 nos
608 524 733 573 igitur,
765 523 891 573 plebis
921 525 972 562 de
1001 525 1192 575 sanguine
1221 525 1343 571 tincti,

257 587 400 626 Altaris
430 588 564 625 famuli
594 601 805 637 possumus
834 601 921 627 esse
950 589 1045 628 dei?

258 653 464 691 Peccantis
495 653 647 692 Cristus
677 654 758 691 vult
787 654 918 701 vitam,
951 666 1024 692 nec
1054 655 1252 702 moriatur,

260 717 328 756 Set
356 724 620 764 conuertatur‚
652 719 758 756 viuat
788 726 827 757 vt
857 719 941 768 ipse
970 719 1071 757 deo:

260 783 310 820 Et
342 795 415 821 nos
445 795 515 832 pro
545 783 686 821 mundi
715 783 832 822 rebus
862 785 1084 834 iugulamus
1115 785 1154 822 in
1185 798 1290 832 ense,

258 848 373 896 Quos
403 848 521 887 Cristi
551 849 709 898 sanguis
739 849 870 887 viuere
900 850 1001 896 fecit,
1033 862 1114 888 eos.
1552 865 1618 896 440

258 913 369 961 Quas
399 914 532 951 statuit
562 914 713 953 Cristus
743 915 848 964 leges
877 915 1029 953 fuerant
1058 915 1223 964 pietatis,

260 979 347 1016 Nec
376 979 494 1028 peciit
523 980 662 1018 mundi
691 980 789 1029 quid
818 980 893 1018 nisi
923 980 1043 1018 corda
1073 980 1171 1028 sibi3

260 1043 353 1081 Non
383 1044 513 1082 cordis
543 1056 713 1092 carnem,
744 1051 803 1082 set
832 1056 952 1093 quam
981 1044 1148 1082 dileccio
1178 1051 1353 1083 mentem

261 1109 424 1154 Prestat‚
454 1116 492 1146 et
521 1109 592 1147 has
621 1109 726 1159 leges
755 1110 938 1148 vendicat
967 1121 1053 1147 esse
1081 1121 1193 1148 suas:

262 1173 346 1211 Nos
375 1180 508 1212 tamen
538 1181 698 1212 econtra
726 1187 818 1211 cum
848 1174 1038 1223 sanguine
1067 1186 1209 1212 carnea
1238 1174 1358 1212 corda

261 1238 478 1285 Poscimus‚
511 1245 550 1276 vt
581 1245 714 1276 nostra
743 1239 791 1276 sit
821 1238 944 1287 magis
974 1238 1029 1276 ira
1058 1238 1149 1276 fera.

261 1303 408 1341 Nescio
438 1303 469 1341 si
498 1303 693 1341 mundum
723 1302 796 1341 sub
825 1316 962 1352 guerra
989 1304 1147 1342 vincere
1175 1304 1242 1341 tali

261 1370 502 1417 Possumus;
540 1369 617 1406 hoc
646 1376 796 1418 reputo,
828 1369 1009 1419 displicet
1038 1369 1103 1407 illa
1132 1369 1233 1408 deo:

260 1433 446 1483 Namque
475 1434 725 1483 malignantis
754 1434 853 1473 deus
883 1434 1090 1473 ecclesiam
1120 1435 1243 1484 magis
1273 1434 1369 1482 odit,

261 1497 425 1547 Subque
454 1511 574 1536 manu
604 1499 671 1537 tali
701 1512 887 1549 prospera
916 1500 1023 1538 nulla
1053 1499 1157 1538 sinit.
1553 1513 1619 1545 450

313 1564 512 1602 Virtutem
541 1564 608 1602 dat
637 1564 705 1611 eis,
737 1564 804 1613 qui
834 1565 1029 1603 mundum
1059 1565 1215 1602 vincere
1246 1570 1402 1610 norunt,

262 1630 355 1678 Ipsa
384 1629 483 1668 fides
514 1629 631 1668 Cristi
662 1629 786 1668 fratris
816 1636 855 1668 et
884 1630 988 1668 intus
1018 1642 1139 1668 amor.

262 1695 404 1732 Fratris
432 1707 543 1733 amor
571 1707 711 1744 pacem
740 1695 960 1742 confirmat,
992 1695 1125 1734 federa
1154 1701 1294 1742 seruat,

261 1758 421 1808 Stringit
448 1760 647 1798 amicicias
677 1761 963 1809 continuatque
992 1760 1136 1798 fidem:

261 1823 404 1861 Fratris
433 1836 544 1862 amor
573 1824 698 1862 nescit
726 1825 855 1862 aliena
883 1825 1000 1871 sitire,
1032 1836 1107 1862 nec
1135 1836 1324 1873 vmquam

261 1889 352 1936 Que
381 1901 451 1926 sua
480 1896 571 1926 sunt
600 1889 738 1938 querit,
770 1901 844 1927 nec
873 1890 945 1927 scit
975 1887 1120 1927 habere
1149 1901 1288 1926 suum:

263 1953 404 1990 Fratris
433 1965 544 1991 amor
572 1954 651 1992 ledi
681 1966 762 1992 non
791 1954 873 1991 vult
903 1965 977 1992 nec
1005 1953 1137 1992 ledere
1166 1954 1304 2002 querit,

264 2018 350 2056 Nec
379 2018 563 2067 queritur,
595 2031 670 2057 nec
698 2019 766 2057 dat
795 2019 900 2057 vnde
929 2025 1113 2068 queratur
1142 2019 1276 2056 homo.

264 2083 426 2132 Augens
455 2095 650 2121 merorem
680 2084 782 2122 male
811 2083 985 2121 vindicat
1014 2083 1098 2132 ipse
1127 2083 1319 2129 dolorem,

264 2148 371 2185 Dum
401 2154 550 2197 pugnat
578 2148 704 2186 clerus
733 2147 865 2186 obstat
893 2153 933 2186 et
962 2148 1046 2197 ipse
1075 2147 1195 2186 deus:
1556 2150 1621 2192 460

264 2213 368 2251 Nam
398 2213 623 2251 mundanus
652 2225 763 2251 amor
791 2213 933 2262 premit
962 2213 1071 2250 omni
1101 2219 1279 2262 tempore
1308 2223 1499 2262 quosque,

264 2279 332 2316 Set
362 2278 498 2316 diuina
528 2291 668 2316 manus
699 2285 828 2316 seruat
856 2277 908 2316 ab
937 2278 1053 2316 hoste
1082 2290 1186 2315 suos.

264 2344 395 2381 Prima
423 2343 487 2381 dei
518 2344 634 2381 timor
664 2350 723 2382 est
752 2344 961 2393 sapiencia,
993 2344 1119 2392 prima
1147 2343 1281 2380 salutis

263 2409 334 2446 Est
364 2409 436 2455 via,
469 2409 533 2446 lux
562 2409 688 2457 prima
716 2409 866 2458 premia
895 2409 1020 2458 prima
1050 2420 1215 2457 parans:

264 2473 415 2511 Federe
444 2480 635 2522 perpetuo
664 2474 781 2511 timor
809 2474 1053 2523 amplexatur
1081 2485 1268 2518 amorem,

265 2537 398 2585 Quem
427 2537 501 2576 sibi
531 2539 727 2576 consimili
756 2538 889 2576 federe
920 2538 1044 2587 iungit
1072 2549 1195 2574 amor.

264 2603 354 2640 Vna
383 2604 520 2652 nequit
548 2604 668 2641 virtus
696 2604 772 2641 alia
802 2604 943 2641 virtute
972 2614 1114 2648 carere,

267 2667 371 2704 Nam
401 2668 518 2705 timor
546 2675 604 2706 est
633 2675 671 2706 et
699 2681 811 2706 amor
839 2674 1145 2706 connumeratus
1175 2666 1305 2705 idem:

267 2732 338 2769 Est
367 2739 485 2781 pater,
517 2733 610 2770 hinc
637 2746 748 2771 amor
777 2740 859 2781 est3
898 2739 956 2771 est
985 2731 1112 2778 iudex,
1144 2731 1238 2769 inde
1266 2731 1448 2778 timetur3

266 2798 318 2835 Et
348 2797 463 2835 timor
492 2797 555 2834 hic
584 2804 623 2836 et
652 2810 762 2836 amor
790 2797 961 2836 comoda
991 2797 1113 2834 multa
1142 2796 1281 2834 ferunt.
1557 2808 1621 2842 470

528 2893 592 2923 454
615 2884 830 2924 cotinuatque
846 2884 879 2915 H
1013 2884 1077 2921 462
1094 2886 1207 2913 saruat
1225 2882 1258 2913 H
