2121 3173
992 213 1146 254 LAST
1189 212 1394 254 POEMS

570 314 766 362 Carmina,
799 316 896 354 dum
925 313 1047 365 potui,
1079 312 1279 352 studiosus
1308 311 1477 361 plurima
1506 311 1662 362 scripsi,

569 382 662 419 Pars
691 387 798 419 tenet
828 381 901 418 hec
931 379 1138 425 mundum,
1170 390 1258 428 pars
1287 384 1395 415 tenet
1423 376 1488 414 illa
1517 377 1661 415 deum:

568 447 683 483 Vana
711 453 844 483 tamen
873 443 1013 482 mundi
1043 444 1195 481 mundo
1225 441 1434 481 scribenda
1462 441 1612 492 reliqui,

568 509 786 558 Scriboque
815 507 976 546 mentali
1005 507 1179 545 carmine
1208 507 1327 545 verba
1356 506 1431 546 dei.

568 573 762 624 Quamuis
792 574 843 611 ad
873 572 1040 611 exterius
1071 572 1269 611 scribendi
1300 571 1434 611 deficit
1463 579 1584 618 actus,

569 641 686 677 Mens
715 646 849 676 tamen
878 637 1040 676 interius
1069 637 1203 676 scribit
1233 644 1270 676 et
1300 645 1412 676 ornat
1442 650 1566 687 opus:

567 704 631 742 Sic
661 703 753 753 quia
783 704 834 742 de
863 703 1046 741 manibus
1076 702 1199 742 nichil
1227 704 1374 741 amodo
1404 702 1534 741 scribo
1563 702 1715 749 valoris,

566 765 743 804 Scribam
773 767 824 804 de
853 765 1035 816 precibus
1065 778 1143 815 que
1172 765 1310 815 nequit
1338 765 1403 803 illa
1432 778 1583 803 manus.

566 833 660 869 Hoc
690 844 773 881 ego,
805 830 862 868 w'r
890 844 1018 878 cecus,
1049 830 1297 881 presentibus
1327 843 1396 868 oro
1426 830 1578 878 diebus,

566 898 757 946 Prospera
787 897 896 946 quod
926 903 1073 934 statuas
1103 909 1223 946 regna
1251 897 1392 942 futura,
1424 896 1533 943 deus,

566 963 709 1011 Daque
738 960 859 999 michi
889 968 1070 999 sanctum
1098 962 1233 999 lumen
1263 961 1410 1000 habere
1438 968 1561 999 tuum.
1621 962 1763 999 Amen.

565 1094 743 1132 Scribere
772 1095 869 1133 dum
898 1093 1021 1144 potui,
1055 1094 1255 1133 studiosus
1283 1093 1454 1144 plurima
1482 1092 1618 1143 scripsi
1634 1108 1644 1141 3

564 1161 657 1197 Pars
687 1166 795 1197 tenet
824 1160 898 1198 hec
928 1160 1136 1206 mundum,
1167 1172 1256 1209 pars
1285 1166 1393 1197 tenet
1421 1159 1486 1197 illa
1516 1160 1660 1197 deum:

562 1226 677 1262 Vana
706 1232 839 1263 tamen
869 1224 1009 1263 mundi
1038 1226 1191 1263 mundo
1221 1224 1431 1263 scribenda
1459 1223 1608 1274 reliqui,

563 1289 781 1340 Scriboque
811 1290 917 1328 finali
947 1289 1120 1328 carmine
1149 1291 1252 1328 vado
1282 1289 1392 1328 mori.

563 1354 715 1393 Scribat
745 1354 812 1405 qui
841 1354 972 1393 veniet
1001 1362 1092 1405 post
1121 1368 1186 1393 me
1216 1354 1428 1394 discrecior
1455 1356 1562 1401 alter,

562 1421 767 1458 Ammodo
795 1433 969 1469 namque
998 1433 1139 1458 manus
1169 1428 1206 1458 et
1236 1433 1324 1458 mea
1352 1433 1484 1470 penna
1513 1419 1638 1458 silent.

562 1483 625 1522 Sic
656 1484 747 1533 quia
776 1484 831 1522 nil
860 1484 1043 1522 manibus
1072 1492 1211 1535 potero
1241 1486 1418 1523 conferre
1446 1484 1598 1532 valoris,

562 1550 634 1586 Est
663 1548 783 1586 michi
813 1550 864 1587 de
893 1549 1074 1599 precibus
1104 1550 1202 1587 ferre
1231 1548 1375 1587 laboris
1405 1562 1516 1587 onus.

564 1615 766 1663 Deprecor
794 1627 886 1664 ergo
916 1613 1013 1652 meis
1042 1613 1223 1661 lacrimis,
1254 1613 1391 1652 viuens
1421 1627 1494 1664 ego
1523 1626 1651 1660 cecus»,

564 1679 756 1728 Prospera
785 1680 895 1728 quod
925 1686 1071 1717 statuas
1101 1692 1219 1729 regna
1248 1680 1387 1726 futura,
1420 1680 1528 1725 deus,

563 1745 706 1793 Daque
735 1743 856 1781 michi
885 1752 1066 1782 sanctum
1095 1746 1230 1782 lumen
1260 1744 1405 1782 habere
1434 1751 1557 1782 tuum.
1617 1745 1758 1782 Amen.

562 1877 670 1913 Dum
701 1875 813 1926 potui
842 1875 989 1927 scripsi,
1021 1884 1080 1914 set
1109 1889 1216 1915 nunc
1246 1875 1339 1926 quia
1367 1889 1488 1915 curua
1518 1884 1700 1916 senectus

560 1940 754 1979 Turbauit
784 1954 932 1987 sensus,
965 1940 1110 1991 scripta
1138 1941 1319 1991 relinquo
1349 1941 1476 1980 scolis.

559 2004 711 2043 Scribat
741 2005 809 2055 qui
838 2005 969 2044 veniet
998 2013 1088 2056 post
1118 2019 1182 2044 me
1211 2006 1422 2046 discrecior
1450 2008 1557 2054 alter,

558 2071 762 2109 Ammodo
791 2084 966 2120 namque
995 2084 1135 2109 manus
1165 2078 1204 2109 et
1233 2085 1322 2110 mea
1350 2085 1482 2122 penna
1511 2071 1637 2110 silent.

561 2136 655 2173 Hoc
683 2142 817 2174 tamen
845 2135 885 2173 in
915 2137 994 2173 fine
1021 2136 1230 2174 verborum
1260 2149 1384 2186 queso
1413 2150 1602 2183 meorum,

559 2201 750 2250 Prospera
779 2201 888 2251 quod
918 2207 1061 2238 statuat
1092 2202 1232 2250 Regna
1260 2203 1389 2240 futura
1418 2203 1526 2241 deus.
1586 2204 1728 2241 Amen.

1863 1435 1875 1458 1

1836 2089 1876 2112 10

1891 522 1932 544 10

1882 1437 1902 1457 0

1879 2073 1919 2094 *ιιι
