2095 3173
49 1966 185 2015 {Capssk
209 1964 283 2002 xiii.

680 208 867 261 LIBER
909 221 1209 271 QUARTUS
1600 224 1670 262 181

320 325 502 373 Exilium,
533 327 661 364 celum
691 326 824 376 patria,
855 326 933 364 vita
961 327 1082 365 deus:

322 393 434 430 Iussa
463 393 629 430 molesta
659 392 751 430 data
780 393 845 438 fer,
878 392 938 429 fac
968 399 1006 430 et
1035 391 1190 442 suscipe
1219 399 1335 442 grata,

321 455 384 494 Sic
414 456 487 494 eris
516 456 556 493 in
585 456 750 495 domino
780 455 982 506 religiosus
1012 457 1159 495 homo:

320 522 410 569 Que
440 521 511 559 tibi
540 521 760 571 prepositus
791 521 972 570 quamuis
1003 521 1188 560 vilissima
1217 523 1366 569 suadet,

323 587 430 624 Dum
461 594 593 624 tamen
623 587 696 624 hec
726 585 831 623 licita
859 585 946 632 sint,
978 585 1177 636 pacienter
1204 600 1300 637 age;
1611 603 1677 636 530

320 652 407 689 Nec
435 650 507 689 tibi
535 658 647 701 turpe
676 658 804 701 putes,
832 658 871 689 et
900 650 931 688 si
961 650 1019 688 sit
1048 658 1160 701 turpe
1189 651 1373 701 placebit,

321 718 424 756 Cum
454 724 544 754 tuus
574 716 614 754 in
645 715 773 755 Cristo
804 715 959 766 spiritus
989 716 1102 754 albus
1132 716 1213 755 erit.

318 783 372 818 Vt
401 781 572 819 subeunt
602 780 765 820 iuuenes
795 780 934 819 veteris
966 782 1152 819 mandata
1182 781 1335 829 Prioris,

321 847 371 884 Et
400 845 521 884 nichil
550 852 711 884 econtra
740 847 915 895 pondere
944 845 1036 884 iuris
1065 854 1196 896 agunt,

319 911 383 950 Sic
414 911 523 949 Prior
552 911 592 948 in
621 910 735 949 licitis
765 910 928 949 iuuenes
958 918 1122 950 tractare
1152 913 1331 951 modeste

321 977 462 1024 Debet,
494 984 532 1015 et
561 990 608 1015 ex
636 976 775 1014 humili
804 976 959 1015 vincere
988 978 1107 1015 corde
1138 978 1296 1015 malum.

319 1042 474 1094 Aspicis
503 1050 543 1081 vt
572 1055 726 1092 pressos
756 1043 894 1080 ledunt
924 1041 1014 1092 iuga
1042 1042 1168 1092 prima
1196 1042 1397 1090 iuuencos,

321 1110 371 1146 Et
400 1121 506 1146 noua
534 1109 709 1146 velocem
740 1107 896 1157 cingula
924 1107 1019 1145 ledit
1048 1121 1193 1157 equ1n3

318 1174 381 1212 Sic
411 1173 658 1223 importunus
688 1172 878 1210 iuuenum
908 1180 1034 1210 rector
1062 1180 1207 1222 grauat,
1240 1180 1278 1211 et
1307 1174 1375 1212 dat

319 1240 503 1285 Causam,
535 1251 615 1287 quo
644 1237 758 1275 solita
788 1251 987 1275 murmura
1015 1245 1152 1287 pectus
1182 1237 1270 1287 agit.
1612 1255 1677 1287 540

321 1306 411 1342 Hec
441 1302 511 1341 tibi
540 1302 683 1352 scripta
713 1309 803 1340 tene
833 1302 975 1340 mentis
1005 1316 1073 1352 per
1102 1304 1279 1349 claustra,
1312 1316 1389 1353 que
1418 1312 1523 1341 caste

321 1371 503 1407 Mortuus
533 1381 556 1406 a
585 1368 736 1405 mundo
766 1367 864 1413 viue,
896 1369 1082 1417 professe,
1113 1369 1213 1406 deo:

320 1437 447 1473 Paruo
477 1441 707 1484 perpetuam
738 1446 910 1471 mercare
940 1433 1073 1471 labore
1103 1433 1289 1484 quietem,

321 1502 371 1538 Et
401 1513 546 1538 reuoca
575 1500 668 1537 fletu
697 1498 842 1548 gaudia
870 1500 988 1548 longa
1017 1498 1152 1537 breui:

320 1567 425 1603 Narn
455 1564 486 1602 si
515 1566 623 1602 nulla
651 1563 722 1602 tibi
751 1563 866 1601 fuerit
896 1577 1002 1602 nunc
1032 1563 1184 1602 sarcina
1212 1564 1349 1612 carnis,

319 1633 434 1669 Tunc
464 1630 548 1668 sine
577 1631 655 1668 fine
684 1628 795 1679 quies
824 1642 979 1679 paxque
1008 1629 1220 1679 perhennis
1251 1629 1331 1668 erit.

258 1770 335 1804 Hic
352 1769 535 1813 loquitur
552 1769 731 1803 vlterius
749 1768 799 1803 de
817 1767 1073 1809 mulieribuS,
1092 1777 1170 1811 que
1183 1767 1226 1801 in
1243 1767 1391 1802 habitu
1408 1769 1584 1803 moniali
1601 1769 1677 1803 sub

212 1839 333 1864 sacre
367 1828 585 1872 religionis
622 1828 721 1862 velo
760 1826 1065 1870 professionem
1104 1826 1382 1870 suscipientes
1420 1827 1578 1862 ordinis
1612 1829 1676 1862 sui

213 1887 523 1923 continenciam
549 1896 636 1920 non
664 1886 909 1920 obseruant.

373 1962 546 2000 Errantis
578 1961 768 1998 Monachi
798 1960 933 2008 culpas
962 1959 1174 1998 scribendo
1203 1960 1352 2010 reliqui,

322 2028 373 2065 Et
402 2027 473 2065 tibi
502 2027 668 2063 velatam
699 2025 886 2074 religione
915 2037 1066 2062 canam.

322 2092 523 2131 Conuenit
552 2091 650 2129 ordo
680 2091 780 2137 viris,
812 2090 908 2128 duni
937 2095 1222 2127 conuersantur
1251 2090 1428 2137 honeste,

323 2159 416 2206 Quo
446 2156 583 2206 procul
612 2169 634 2193 a
664 2155 816 2193 mundo
846 2155 968 2193 celica
997 2167 1115 2204 regna
1145 2161 1306 2204 petant3
1612 2172 1678 2204 550

323 2222 580 2261 Conueniens
609 2221 734 2258 eciam
764 2221 879 2258 castis
909 2220 1138 2258 mulieribus
1168 2227 1272 2258 extat

324 2288 484 2325 Soluere
514 2286 587 2324 sub
617 2286 703 2323 velo
733 2293 823 2323 vota
852 2285 996 2335 pudica
1026 2286 1129 2324 deo:

324 2353 388 2390 Sic
417 2353 509 2401 ligat
537 2352 635 2389 ordo
665 2363 773 2388 sacer
803 2351 1032 2397 monachos,
1064 2351 1156 2400 ligat
1187 2358 1224 2388 et
1254 2352 1458 2399 moniales,

325 2418 442 2455 Vnde
471 2418 547 2455 deo
578 2417 723 2454 meritis
754 2417 874 2466 fulget
904 2423 1066 2465 vterque
1097 2416 1186 2453 suis.

325 2483 363 2520 Si
394 2488 526 2519 tamen
557 2482 595 2519 in
625 2482 801 2519 claustris
831 2481 982 2530 fragiles
1013 2488 1141 2518 errent
1170 2480 1363 2527 mulieres,

326 2548 418 2584 Non
449 2547 644 2595 condigna
674 2547 762 2584 viris
792 2547 907 2595 culpa
937 2552 1128 2595 repugnat
1158 2546 1241 2592 eis;

326 2613 429 2650 Nam
460 2624 529 2658 pes
558 2612 752 2649 femineus
782 2612 916 2661 nequit
946 2618 985 2648 vt
1012 2623 1080 2660 pes
1111 2617 1211 2648 stare
1241 2610 1368 2656 virilis,

325 2678 493 2715 Gressus
523 2688 596 2713 nec
626 2677 757 2714 firmos
787 2677 1037 2714 consolidare
1066 2687 1184 2722 suos3

328 2743 414 2780 Nec
443 2741 549 2778 scola
578 2753 651 2778 nec
680 2753 827 2788 sensus,
860 2741 1098 2786 constancia,
1132 2740 1318 2789 nullaque
1347 2740 1477 2787 virtus,

326 2808 435 2845 Sicut
464 2805 611 2844 habent
640 2807 832 2852 homines,
864 2807 904 2843 in
935 2806 1096 2843 muliere
1125 2805 1279 2853 vigent:
1614 2810 1677 2852 560

327 2873 392 2910 Set
422 2878 501 2910 tam
530 2871 691 2909 materia
720 2871 841 2920 fragili
870 2884 989 2920 quam
1019 2869 1254 2908 condicione
