2095 3173
381 240 458 278 142

846 226 978 268 VOX
1019 226 1378 268 CLAMANTIS

486 331 676 383 Corrigat‚
708 345 789 379 oro,
822 333 931 379 deus,
963 339 1030 370 tua
1059 331 1136 369 iam
1166 331 1383 370 clemencia
1412 333 1520 379 tales,

485 398 571 435 Nos
601 397 744 447 quibus
774 404 813 434 vt
842 395 987 434 sanctis
1017 395 1186 434 subdere
1214 397 1316 434 colla
1344 395 1481 434 iubes:

489 464 587 500 Esse
616 463 737 500 duces
767 467 922 498 nostros
951 473 1051 510 quos
1080 461 1165 510 lege
1195 467 1262 498 tua
1291 460 1469 508 statuisti,

488 528 567 564 Fac
596 525 718 575 magis
748 532 788 563 vt
817 532 923 563 recta
951 524 1091 562 semita
1120 526 1240 563 ducat
1269 538 1337 564 eos
1352 539 1363 573 3

489 593 540 630 Et
569 590 660 629 licet
688 589 881 629 instabilis
910 603 1034 628 vanus
1064 589 1112 628 sit
1141 597 1180 628 et
1208 597 1319 629 actus
1348 603 1497 638 eorum,

489 657 552 693 Da
580 655 730 705 populo
759 653 939 693 stabilem
970 667 1124 705 semper
1152 655 1298 693 habere
1327 655 1472 694 fidem:

492 722 566 767 Da,
598 721 707 767 deus,
740 727 778 758 et
807 721 923 767 clerO,
953 720 1075 758 verbo
1105 721 1214 770 quod
1242 719 1366 770 possit
1395 727 1433 759 et
1461 727 1552 758 actu

489 784 552 823 Sic
582 797 767 823 reuocare
797 786 957 832 malum,
988 797 1062 822 nos
1091 792 1131 823 vt
1159 784 1200 822 in
1229 785 1325 823 orbe
1354 784 1473 824 iuuet.

487 852 684 900 Exoptata
712 848 780 888 diu
810 848 936 888 dulcis
966 848 1164 887 medicina
1191 851 1386 897 dolorum,

488 916 584 954 Sero
612 915 704 953 licet
731 914 873 962 veniat,
903 922 1012 965 grata
1039 913 1171 953 venire
1200 915 1323 953 solet:

489 980 609 1031 Sique
638 979 734 1018 boni
763 980 859 1018 fiant
888 980 939 1018 de
968 980 1095 1026 clerQ.
1116 992 1189 1017 nos
1219 978 1400 1017 meliores

490 1047 606 1084 Tunc
636 1045 791 1093 erimus,
824 1058 905 1095 que
930 1044 995 1084 dei
1023 1046 1107 1083 laus
1137 1044 1190 1083 ita
1219 1043 1343 1082 maior
1372 1043 1453 1083 erit.

1771 928 1852 960 1310

427 1199 657 1242 Postquam
688 1199 841 1234 dictum
874 1201 941 1234 est
967 1199 1016 1234 de
1047 1198 1131 1234 iuis
1163 1198 1232 1243 qui
1261 1200 1406 1234 errant
1437 1198 1480 1232 in
1507 1198 1626 1232 statu
1656 1195 1853 1240 prelacie,

381 1256 597 1290 dicendum
629 1258 694 1291 est
724 1257 775 1291 de
806 1267 946 1292 errore
976 1258 1228 1296 curatorum,
1265 1256 1334 1300 qui
1371 1256 1448 1291 sub
1483 1254 1659 1299 prelatis
1694 1253 1853 1288 consti-

381 1314 475 1355 tuti,
513 1314 806 1357 parochiarum
841 1324 965 1349 curas
997 1315 1043 1349 in
1078 1316 1312 1349 animarum
1354 1324 1524 1348 suarum
1562 1313 1746 1357 periculo
1785 1312 1852 1347 ad·

381 1372 599 1407 mittentes
645 1373 907 1417 negligenter
953 1373 1177 1408 omittunt:
1224 1374 1268 1408 et
1313 1372 1447 1416 primo
1493 1371 1674 1406 intendit
1716 1369 1853 1405 dicere

381 1431 431 1465 de
473 1431 633 1466 curatis
669 1431 753 1465 inis
794 1431 864 1474 qui
905 1441 1007 1466 suas
1048 1441 1172 1466 curas
1212 1432 1459 1467 omittentes
1502 1430 1556 1465 ad
1590 1429 1854 1465 seruiendum

381 1491 626 1533 magnatum
651 1490 775 1524 curiis
801 1489 1014 1525 adherent.

233 1574 363 1624 Capm.
384 1573 457 1612 xvi.

544 1573 715 1613 Presulis
743 1573 902 1622 incauti,
934 1574 1035 1613 sicut
1063 1576 1114 1614 de
1143 1587 1241 1614 voce
1270 1574 1411 1626 recepi,

492 1640 652 1678 Errores
682 1639 828 1690 scripsi,
860 1653 1071 1690 pennaque
1100 1647 1227 1679 cessat
1255 1640 1321 1679 ibi.

491 1704 591 1742 Sunt
619 1711 764 1751 tamen,
795 1703 835 1742 in
864 1704 966 1743 curis
994 1703 1126 1743 anime
1155 1704 1223 1754 qui
1251 1704 1335 1742 iura
1364 1703 1596 1751 ministrant,

492 1769 683 1807 Rectores
711 1768 776 1806 alii
805 1781 886 1807 non
916 1768 1000 1807 sine
1029 1769 1118 1807 labe
1148 1768 1240 1808 doli.

492 1833 586 1881 Quo
615 1840 738 1871 status
766 1832 831 1871 ille
861 1834 983 1871 modo
1012 1846 1053 1871 se
1083 1833 1209 1872 tendit
1238 1832 1407 1872 scribere
1435 1834 1569 1881 tendo,

492 1897 532 1936 Si
561 1896 609 1935 sit
638 1896 693 1936 ibi
722 1898 896 1936 mundus
925 1899 987 1936 vel
1016 1897 1139 1948 magis
1168 1897 1252 1948 ipse
1281 1899 1390 1937 deus.

492 1964 557 2001 Ad
585 1969 743 2013 tempus
771 1975 931 2012 presens
960 1969 1157 2000 rectorum
1186 1963 1288 2000 facta
1316 1963 1537 2010 reuoluens,

494 2027 664 2065 Inuenio
693 2026 833 2066 mundi
862 2029 971 2077 quod
1001 2029 1101 2066 solet
1130 2041 1216 2066 esse
1245 2027 1320 2067 dei.

493 2091 662 2130 Presulis
691 2105 830 2139 errore,
861 2105 1041 2130 curarum
1071 2092 1139 2143 qui
1168 2100 1287 2143 caput
1315 2100 1430 2140 extat,

495 2158 607 2195 Errat
636 2164 803 2204 curatus,
835 2157 1000 2206 presulis
1029 2157 1113 2207 ipse
1142 2171 1294 2196 manus.

496 2222 584 2259 Iam
613 2219 697 2259 sine
726 2220 929 2270 prebenda
957 2222 1008 2260 de
1038 2221 1210 2259 Simonis
1238 2228 1320 2259 arte
1349 2228 1479 2259 creata

496 2285 564 2323 Nil
592 2292 704 2335 putat
733 2284 939 2323 ecclesiam
969 2286 1349 2335 quomodocumque
1379 2285 1552 2323 bonam:

497 2351 588 2387 Hec
616 2349 819 2398 prebenda
848 2356 982 2387 tamen
1010 2348 1171 2399 inopem
1201 2362 1293 2396 non,
1326 2356 1384 2388 set
1414 2348 1659 2388 meretricem

496 2413 638 2461 Pascit,
669 2413 805 2464 sicque
834 2415 955 2452 deum
985 2426 1067 2452 non
1097 2413 1201 2461 colit,
1233 2413 1356 2452 immo
1386 2415 1514 2452 deam.

495 2481 613 2517 Tales
643 2492 717 2518 nec
747 2486 853 2517 caste
882 2485 1021 2517 curant
1049 2492 1180 2528 neque
1208 2478 1340 2517 viuere
1369 2487 1493 2526 caute,

499 2546 561 2583 De
590 2544 734 2595 quibus
764 2546 943 2594 exempla
971 2551 1062 2582 sunt
1091 2545 1213 2582 modo
1242 2557 1335 2594 sepe
1365 2545 1491 2582 mala:

496 2608 629 2647 Vestis
658 2609 778 2648 habet
807 2622 1007 2660 pompam,
1038 2608 1150 2647 cibus
1179 2622 1292 2646 vsum
1321 2608 1562 2656 deliciarum,

499 2675 550 2712 Et
579 2675 716 2712 thorus
744 2673 940 2713 incestum
968 2675 1112 2711 clamat
1140 2673 1286 2711 habere
1315 2686 1441 2711 suum.

500 2739 560 2776 Ex
589 2737 707 2777 Cristi
735 2738 880 2788 poteris
909 2751 1034 2788 nuper
1062 2751 1300 2787 cognoscere
1329 2737 1458 2777 verbis

500 2802 727 2853 Discipulos
757 2802 909 2842 tunicas
939 2816 1020 2841 non
1049 2802 1234 2841 habuisse
1263 2804 1390 2851 duas3

499 2868 567 2906 Set
596 2867 688 2918 quia
716 2867 900 2919 discipuli
928 2881 1010 2907 non
1040 2875 1141 2915 sunt,
1172 2867 1212 2905 in
1242 2867 1385 2906 talibus
1414 2867 1477 2906 isti

1772 2041 1858 2073 1320

1774 2687 1859 2720 1330

2032 721 2035 753 .-
2027 640 2035 710 ..ἕῳ
2020 205 2034 631 Α-κΜδ-ᾼ-,Δ-ἡψ-αυ-ὓ
2023 129 2031 206 κιο-
