2121 3173
411 248 490 287 332

122 407 279 446 Qualiter
293 418 353 438 rex
372 406 490 438 Ricar-

78 452 140 482 dus
152 452 263 482 omnis
276 451 407 481 malicie
418 451 488 490 ple-

77 495 421 526 nusstrenuissimum
430 495 487 525 do-

77 540 199 570 minum
208 539 487 576 Henricum‚tunc

77 583 225 613 Derbeie
236 583 402 614 Comitem
418 582 485 612 Du-

77 627 194 666 cisque
223 626 422 658 Lancastrie
451 626 487 656 fi-

76 670 156 701 lium
173 676 207 701 et
224 671 397 709 heredem,
413 669 485 701 sola

76 724 118 744 ex
146 714 284 753 inuidia,
310 719 345 745 vt
376 714 484 753 ipsum

76 759 250 797 perderet,
285 758 317 788 in
347 757 484 789 exilium

77 802 230 841 proiecit.

119 2039 275 2079 Qualiter
362 2039 484 2072 nobilis

76 2083 246 2114 Henricus
294 2084 486 2115 antedictus

76 2127 109 2156 in
133 2131 246 2166 partes
273 2127 425 2165 Francie,
448 2133 483 2159 vt

75 2171 117 2200 ibi
136 2175 286 2210 tempore
308 2171 398 2201 exilii
416 2181 485 2202 mo-

76 2219 217 2254 raretur,
256 2216 369 2246 animo
407 2225 487 2246 con—

76 2258 484 2290 stantivirilitersetrans-

75 2301 163 2333 tulit.

897 231 1177 273 CRONICA
1207 230 1592 270 TRIPERTITA

620 341 741 389 Quod
771 338 862 377 facit
892 338 1054 388 ignorat,
1088 336 1141 375 ita
1170 338 1267 375 dum
1296 337 1454 374 fortuna
1482 336 1644 374 laborat.

672 403 830 442 Accidit
859 402 1017 448 interea,
1050 403 1145 440 dum
1177 409 1277 440 terra
1305 401 1377 439 fuit
1406 400 1596 451 pharisea,

619 471 688 507 Est
717 481 822 506 noua
850 466 896 505 lis
926 474 1044 513 mota,
1076 479 1196 516 quam
1226 473 1390 504 nouerat
1420 467 1563 516 Anglia
1592 473 1684 503 tota.

616 531 771 571 Nobilis
802 530 1013 578 HenrieuS,
1045 529 1174 569 omnis
1204 529 1409 580 probitatis
1437 529 1598 576 amicus,

616 598 695 636 Hic
725 605 819 635 tunc
849 597 1015 635 florebat
1044 610 1160 647 super
1189 609 1328 634 omnes
1357 597 1526 646 plusque
1555 594 1710 633 valebat
1726 608 1736 642 ,·

614 665 666 701 Vt
696 676 783 701 rosa
812 663 884 700 flos
914 663 1066 708 florum,
1099 661 1237 701 melior
1265 661 1337 700 fuit
1365 661 1430 700 ille
1460 662 1668 707 bonorum,

613 730 758 767 Custos
788 729 1020 778 Anglorum,
1052 741 1121 777 per
1150 740 1268 777 quem
1298 728 1363 765 lux
1392 726 1498 765 fulsit
1528 740 1676 773 eorum,

615 795 827 843 Exemplar
855 806 1012 831 morum
1042 806 1119 842 que
1148 791 1357 842 probaeior
1384 791 1448 831 ille
1477 793 1715 842 proborum:

612 860 677 897 Ad
707 860 795 897 loca
823 858 1016 897 bellorum
1046 859 1109 895 leo
1138 856 1305 896 conterit
1333 870 1441 895 arma
1469 858 1653 907 luporum
1668 870 1679 904 3

613 923 709 962 Eius
738 936 964 974 cognomen
993 921 1217 961 venerabile
1246 921 1412 973 percipit
1441 935 1571 969 omen,

611 990 733 1038 Quod
763 1001 982 1039 numquam
1011 987 1159 1026 victum
1189 987 1319 1025 rutilat
1349 986 1576 1026 Lancastria
1604 985 1767 1025 dictum.

614 1056 737 1093 Hunc
767 1061 876 1104 patre
906 1053 1065 1093 viuente
1095 1054 1145 1092 de
1176 1060 1279 1092 sorte
1309 1052 1613 1103 superueniente

617 1122 704 1158 Rex
733 1119 931 1170 delegauit
961 1126 1000 1158 et
1030 1132 1121 1158 eum
1152 1118 1236 1157 sine
1264 1118 1354 1156 labe
1382 1118 1533 1169 fugauit
1548 1133 1558 1166 ς

618 1186 705 1223 Rex
734 1184 881 1223 etenim
910 1183 1034 1231 nouit,
1068 1185 1119 1223 ad
1149 1197 1241 1223 eum
1271 1184 1380 1233 quod
1410 1183 1534 1233 patria
1563 1182 1683 1229 vouit,

614 1251 732 1289 Vnde
762 1249 906 1288 timens
936 1257 1082 1288 sortem
1112 1250 1221 1288 dolet
1250 1248 1334 1287 eius
1363 1249 1509 1287 habere
1539 1249 1772 1287 cohortem:

616 1315 783 1354 Inuidus
813 1316 916 1353 hanc
946 1328 1107 1354 causam
1136 1321 1262 1365 gestat
1291 1314 1365 1353 sub
1395 1321 1555 1364 pectore
1584 1315 1769 1360 clausam,

617 1382 756 1419 Donec
786 1380 989 1431 disperdat
1017 1380 1165 1418 iustum
1195 1379 1279 1419 sine
1309 1379 1472 1430 iureque
1502 1380 1651 1430 perdat.

617 1445 697 1495 Hic
727 1453 861 1484 tamen
890 1459 937 1485 ex
966 1459 1076 1485 more
1104 1445 1220 1484 solito
1250 1459 1320 1495 pro
1350 1444 1448 1496 regis
1478 1446 1629 1484 honore

614 1515 776 1561 Semper
805 1518 1012 1561 promptus
1042 1518 1134 1557 erat,
1165 1510 1276 1550 aliter
1306 1525 1387 1562 quo
1416 1510 1568 1561 premia
1598 1517 1755 1561 sperat;

614 1577 678 1615 Sic
707 1576 829 1615 nichil
858 1576 1034 1624 offendit,
1066 1590 1147 1627 quo
1176 1590 1241 1615 rex
1271 1576 1345 1614 sibi
1374 1578 1549 1627 dampna
1578 1575 1770 1626 rependit,

612 1644 680 1681 Set
710 1642 804 1693 quia
833 1649 1068 1681 cunctorum
1098 1656 1164 1680 rex
1193 1643 1330 1681 oderat
1358 1649 1446 1680 acta
1474 1641 1701 1692 proborum.

616 1707 778 1758 Singula
808 1721 889 1746 non
919 1707 1066 1758 scripsi,
1098 1721 1176 1757 que
1206 1708 1285 1745 dux
1314 1708 1421 1745 bona
1450 1706 1617 1745 contulit
1646 1705 1719 1756 ipsi
1735 1720 1745 1754 ;

613 1772 650 1811 si
683 1772 866 1811 meritum
897 1773 1021 1819 detur,
1054 1780 1149 1811 tunc
1179 1773 1259 1811 dux
1289 1773 1392 1810 mala
1420 1773 1528 1810 nulla
1557 1778 1750 1811 meretur:

614 1837 785 1877 Exilium
816 1845 962 1876 tortum
994 1837 1145 1888 gremio
1174 1839 1225 1877 de
1254 1837 1353 1887 regis
1382 1837 1565 1876 abortum

613 1905 706 1942 Hoc
735 1916 806 1953 pro
836 1902 944 1941 finali
976 1904 1159 1942 mercede
1189 1903 1304 1941 datur
1333 1901 1503 1953 speciali.

666 1969 791 2006 Purus
819 1968 871 2006 ad
900 1981 1019 2007 omne
1047 1969 1148 2006 latus
1177 1967 1233 2006 sic
1261 1969 1392 2006 exulat
1420 1966 1694 2014 inmaculatus,

615 2035 665 2072 Et
694 2046 814 2083 quem
843 2032 1002 2084 decepit
1031 2046 1097 2071 rex
1126 2035 1279 2082 Anglus
1310 2031 1475 2071 Francia
1504 2031 1636 2082 cepit:

612 2100 727 2137 Stans
757 2097 812 2137 ibi
842 2099 1039 2148 preclarus
1069 2111 1189 2148 regno
1219 2097 1291 2137 fuit
1320 2097 1495 2148 vndique
1524 2110 1648 2144 carus,

613 2165 706 2212 Quo
736 2162 811 2201 sibi
840 2162 1042 2202 concreuit
1071 2162 1236 2213 requies,
1268 2170 1327 2201 set
1355 2175 1436 2201 non
1466 2161 1670 2213 requieuit.

615 2230 723 2266 Dum
752 2241 875 2278 genus
905 2227 1071 2278 exquirit
1100 2227 1140 2266 in
1170 2241 1250 2277 quo
1280 2227 1353 2266 sibi
1383 2227 1466 2266 iura
1493 2226 1664 2277 requirit,

614 2295 747 2342 Quem
776 2294 875 2333 deus
904 2292 1075 2332 absoluit
1104 2292 1203 2343 patri
1233 2305 1337 2331 mors
1367 2291 1501 2331 omnia
1530 2291 1647 2331 soluit
1663 2306 1674 2340 3

615 2358 690 2406 Sic,
721 2365 831 2410 patre
860 2358 1060 2405 defuncto,
1092 2358 1142 2396 de
1171 2356 1337 2395 consilio
1366 2356 1441 2395 sibi
1469 2356 1604 2396 iuncto

616 2425 687 2463 Est
716 2431 811 2463 tunc
840 2424 1100 2473 querendum,
1132 2422 1272 2461 melius
1302 2421 1377 2461 sibi
1406 2421 1502 2472 quid
1532 2421 1580 2461 sit
1608 2423 1831 2472 agendum:

617 2490 668 2528 Et
698 2487 753 2527 sic
782 2489 986 2528 consultus
1015 2489 1122 2528 velut
1151 2489 1263 2527 heres
1295 2486 1412 2527 Miles
1440 2488 1609 2534 adultus,

616 2556 707 2603 Que
736 2567 807 2593 sua
834 2553 1038 2604 cognoscit
1066 2560 1156 2605 post
1183 2559 1334 2604 patrem
1363 2552 1519 2603 propria
1546 2552 1685 2604 poscit.

618 2620 708 2656 Hos
737 2632 805 2670 per
834 2632 1009 2657 rumores
1037 2620 1185 2658 adeunt
1213 2616 1513 2657 ambassiatores

619 2684 770 2733 Regem
800 2690 1019 2734 querentes,
1051 2685 1176 2734 legem
1206 2696 1322 2734 super
1349 2683 1506 2733 hocque
1534 2689 1739 2732 petente53
1784 2699 1785 2703 ¹

620 2748 688 2787 Set
717 2747 784 2797 qui
814 2755 958 2788 cuncta
986 2756 1096 2788 vorat
1124 2761 1205 2787 non
1233 2747 1344 2787 audit
1374 2749 1483 2798 quod
1512 2747 1599 2799 pius
1629 2755 1724 2795 orat,

621 2813 913 2852 Exheredatum
943 2820 1001 2853 set
1030 2827 1119 2852 eum
1151 2813 1260 2852 iubet
1289 2825 1373 2852 esse
1402 2814 1590 2862 fugatum.

773 2898 817 2930 95
836 2889 1013 2921 abhortum
1030 2889 1094 2923 CH
1231 2899 1291 2931 109
1308 2888 1399 2930 pius]
1417 2888 1567 2921 CHGHs
1611 2888 1703 2931 prius
1722 2888 1746 2921 S

1937 862 1983 891 80

1939 1525 1984 1556 φο

1923 2178 1983 2200 100

1919 2829 1980 2851 110
