2095 3173
637 216 826 258 LIBER
864 217 1138 259 TERCIUS

264 321 434 372 Expedit
462 328 502 360 vt
530 321 648 361 facias
677 322 787 372 quod
815 321 887 361 tibi
915 322 1038 361 dictat
1066 335 1189 373 opus:

262 388 377 425 Tunc
407 387 508 425 bene
537 386 646 425 fortis
675 400 772 437 equs
801 394 970 426 reserato
999 400 1153 426 carcere
1182 389 1310 437 currit,

262 452 365 491 Cum
395 464 495 501 quos
524 459 716 502 pretereat
744 465 924 502 quosque
953 459 1138 502 sequetur
1166 454 1296 493 habet.

316 516 432 566 Legis
461 516 567 555 enim
597 516 736 555 veteris
766 516 955 567 scripture
984 525 1075 555 sunt
1104 520 1372 567 memorande,

261 582 354 630 Quo
383 581 512 619 bonus
541 582 766 631 exemplum
795 589 928 631 pastor
955 582 1101 621 habere
1130 592 1260 633 queat.

262 646 626 686 Commemoranda
655 645 747 684 satis
776 645 849 684 fuit
878 647 952 685 hec
982 646 1190 697 sapiencia,
1222 650 1384 700 quando

260 712 365 749 Ante
393 723 550 760 gregem
579 710 705 761 virgas
734 710 890 749 ordinat
919 710 984 750 ille
1014 713 1162 752 Iacob:

259 774 405 813 Partim
434 776 559 814 nudat
588 788 653 814 eas
682 775 816 814 ablato
845 775 1001 824 cortice,
1032 777 1174 827 partim

258 839 426 880 Corticis
455 839 613 879 indutas
642 848 750 879 veste
778 840 963 891 relinquit
992 854 1068 880 eas.

260 905 309 943 In
337 905 452 956 virgis
481 906 663 956 splendet
691 905 847 944 sublato
876 905 1209 956 cortice,candor‚

258 970 362 1010 Cum
392 971 443 1009 de
473 970 671 1020 scripturis
701 970 910 1021 splendida
937 971 1057 1009 verba
1085 972 1230 1022 trahit3

259 1035 404 1074 Cortex
433 1037 615 1083 saluatur,
647 1048 738 1074 cum
767 1035 877 1074 litera
906 1037 989 1074 sola
1017 1042 1183 1085 tenetur,

258 1101 309 1138 Et
337 1107 470 1150 pastor
498 1113 616 1138 sensu
645 1099 822 1150 simplice
850 1099 975 1149 pascit
1003 1113 1111 1139 oues.

258 1165 325 1203 Set
354 1164 451 1215 quid
480 1172 656 1214 pastores
685 1164 820 1203 dicent
848 1166 1028 1215 exempla
1056 1168 1275 1215 negantes?

257 1230 311 1267 Vt
342 1229 416 1268 sibi
445 1229 652 1279 proficiant
680 1229 755 1267 ista
782 1241 857 1267 nec
886 1228 951 1266 illa
979 1236 1126 1268 tenent.

255 1294 379 1335 Cuius
408 1309 482 1334 nec
511 1295 589 1333 vita
618 1295 724 1334 bona
753 1307 821 1333 seu
851 1294 1031 1333 doctrina
1059 1294 1222 1344 iuuabit,

258 1361 431 1398 Instruat
459 1367 499 1398 vt
528 1361 732 1410 populum,
764 1359 819 1397 nil
848 1366 1075 1410 reputamus
1104 1373 1207 1399 eum.

256 1425 475 1464 Indiscreta
503 1433 637 1464 tamen
666 1431 758 1464 sunt
786 1424 854 1475 qui
883 1425 1125 1463 documenta
1153 1433 1335 1476 parantes

255 1489 455 1529 Scismatis
485 1490 525 1528 in
554 1491 713 1541 plebem
742 1503 885 1540 magna
913 1489 1058 1541 pericla
1086 1498 1262 1530 mouent.

256 1555 415 1594 Indocti
445 1569 563 1594 causa
592 1554 765 1594 doctoris
795 1568 889 1606 sepe
918 1556 1087 1594 scolares

252 1620 417 1659 Virtutis
446 1620 607 1671 capiunt
635 1621 849 1659 commoda
876 1621 984 1658 nulla
1013 1622 1146 1659 scole:

253 1684 317 1724 Sic
345 1685 559 1737 importuni
587 1685 735 1736 prelati,
766 1685 949 1736 quamuis
977 1685 1212 1725 habundent

254 1752 463 1801 Dogmata,
495 1750 526 1789 si
555 1750 686 1789 desint
713 1757 812 1798 acta,
843 1749 975 1800 vigore
1004 1758 1147 1789 carent.

307 1815 483 1864 Quidam
512 1815 727 1865 corripiunt
755 1815 878 1865 magis
907 1814 1063 1865 ignibus
1092 1815 1316 1866 impetuosi,

254 1881 305 1918 Et
333 1881 440 1918 velut
468 1893 577 1918 vrsus
606 1893 703 1918 oues
732 1880 783 1918 de
811 1878 962 1918 feritate
991 1887 1204 1929 premunt3

253 1943 360 1983 Talis
389 1944 495 1983 enim
525 1946 675 1992 doctor,
706 1957 798 1983 cum
827 1943 962 1983 durius
991 1943 1167 1995 increpat
1196 1945 1329 1993 vllum,

253 2008 370 2047 Ledit
399 2022 491 2048 eum
520 2009 631 2048 cuius
661 2008 800 2048 debuit
828 2022 914 2047 esse
943 2010 1046 2047 salus
1061 2023 1072 2056 3

252 2075 443 2113 Vulnerat
471 2074 555 2124 ipse
584 2087 682 2122 reos,
713 2081 772 2112 set
800 2075 962 2112 vulnera
990 2075 1098 2112 nulla
1127 2075 1308 2114 medetur
1322 2089 1333 2124 ς

252 2140 449 2177 Prouocat
477 2138 517 2176 in
546 2138 657 2189 peius
688 2139 797 2188 quod
825 2137 898 2176 fuit
926 2145 1018 2177 ante
1047 2140 1221 2178 malum:

251 2203 315 2242 Sic
344 2217 417 2242 nos
445 2203 583 2254 prelati
611 2202 749 2253 nequit
778 2215 822 2241 os
851 2215 986 2241 curare
1016 2203 1186 2253 superbi,

252 2269 356 2308 Cum
385 2267 555 2307 viciosus
585 2269 707 2306 homo
737 2267 914 2307 moribus
942 2274 1080 2306 auctor
1108 2267 1190 2307 erit.

252 2335 323 2372 Est
351 2340 390 2372 et
418 2334 599 2384 prelatus,
631 2332 699 2383 qui
727 2331 941 2383 corripiens
970 2332 1083 2383 quasi
1112 2333 1261 2372 blando

252 2399 314 2436 De
343 2411 524 2437 sermone
553 2399 670 2445 fauet,
701 2410 776 2436 nec
803 2411 892 2436 reus
921 2397 1015 2436 inde
1044 2405 1185 2436 cauet:

252 2461 499 2512 Corripiebat
528 2464 635 2512 Hely
664 2474 807 2513 pueros
836 2461 1049 2500 dulcedine
1077 2461 1208 2512 patris,

251 2527 345 2564 Non
374 2526 459 2565 viee
487 2526 664 2577 pastoris,
695 2539 777 2565 non
805 2526 995 2577 grauitate
1024 2525 1140 2573 soni3

251 2592 328 2629 Pro
356 2604 525 2641 quorum
553 2593 670 2642 culpa
697 2593 935 2642 dampnatur
964 2592 1081 2640 Her,
1113 2589 1205 2641 quia
1233 2591 1348 2629 valde

251 2654 403 2705 Impius
432 2654 472 2692 in
500 2655 629 2706 pueris
658 2669 727 2706 per
755 2655 820 2706 pia
847 2656 966 2694 verba
993 2654 1076 2693 fuit.

251 2718 315 2757 Sic
344 2726 477 2769 pastor
505 2719 572 2769 qui
601 2720 800 2759 subiectos
829 2733 911 2758 non
940 2718 1109 2769 corripit,
1141 2718 1238 2757 iram

251 2783 403 2822 Summi
432 2783 550 2833 patris
580 2797 715 2823 emens
744 2798 899 2823 carcere
928 2783 1070 2834 dignus
1099 2782 1181 2822 erit.

363 2868 445 2898 1124
469 2859 511 2890 Et
527 2858 684 2891 CEGDL
728 2860 790 2892 Est
809 2859 954 2891 SHTH2
1086 2868 1171 2899 1149
1194 2858 1353 2891 subectos
1370 2858 1394 2891 S

1543 232 1619 271 137

1533 859 1616 882 1120

1532 1508 1616 1540 1130

1530 2156 1609 2188 1140

1521 2800 1606 2832 1150
