2095 3173
687 259 875 301 LIBER
914 258 1188 300 TERqus
1597 261 1671 309 165

316 368 448 408 Causa
475 366 687 417 voluptatis
717 368 825 404 nulla
853 365 1021 404 remouit
1050 378 1142 404 eos:

315 432 387 471 Hii
415 445 546 482 neque
575 431 745 470 serviciis
774 431 968 482 optabant
997 429 1096 480 regis
1124 429 1264 477 inesse,

315 499 401 536 Nec
431 497 522 536 foris
551 497 591 535 in
620 498 737 547 plebe
766 509 914 534 nomen
943 495 1089 534 habere
1119 494 1248 533 Rabi:
1585 509 1669 540 2130

315 565 405 601 Hos
434 576 564 613 neque
593 563 808 613 precellens
837 561 1047 611 superabat
1075 567 1258 611 comptus
1286 558 1413 598 inanis

313 630 400 667 Nec
428 627 509 666 vini
537 629 662 674 luxus,
692 640 767 665 nee
795 625 968 664 mulieris
997 639 1133 664 amor:

313 693 495 732 Moribus
524 691 672 742 experti
701 693 892 730 dederant
921 692 1100 740 exempla
1128 690 1278 738 futuris,

311 760 402 808 Que
431 757 506 796 sibi
536 757 752 808 discipulus
783 756 903 795 debet
931 756 1077 794 habere
1107 755 1234 794 scolis.

311 825 431 862 Nunc
459 831 593 861 tamen
622 821 662 860 in
691 821 866 860 vicium
896 821 1044 860 virtus
1074 821 1382 868 conuertitur,
1414 827 1458 859 et
1486 833 1563 870 que

310 889 449 938 Nuper
478 894 588 926 erant
617 900 746 925 mores
776 886 904 937 turpia
932 888 1044 937 plura
1071 894 1235 937 gerunt:

310 955 401 1003 Que
430 954 553 992 modo
582 952 726 1003 scripta
753 952 819 991 dei
847 951 985 990 dicunt
1015 965 1056 991 se
1085 952 1236 991 discere
1263 951 1382 999 laudi,

311 1020 359 1057 In
388 1020 548 1057 laudem
577 1017 717 1056 mundi
746 1016 859 1056 vertit
886 1031 1027 1055 auarus
1056 1019 1194 1056 honor.

310 1084 347 1123 O
377 1097 437 1122 res
467 1083 565 1122 mira
594 1083 735 1121 nimis!
774 1082 866 1133 legit
895 1089 934 1121 et
963 1083 1096 1121 studet
1124 1082 1208 1132 ipse
1237 1082 1397 1121 scolaris

311 1151 456 1197 Mores,
487 1150 584 1188 dum
613 1148 714 1187 vicia
742 1155 833 1186 sunt
861 1147 984 1198 magis
1013 1155 1102 1186 acta
1130 1161 1223 1186 sua:
1584 1163 1665 1195 2140

309 1214 373 1253 Sic
402 1214 495 1265 quia
524 1221 600 1253 stat
629 1227 746 1252 cecus
776 1226 931 1251 morum
962 1212 1046 1251 sine
1075 1212 1225 1251 lumine
1254 1214 1392 1260 clerus,

310 1281 494 1318 Erramus
524 1279 610 1318 laici
640 1292 712 1318 nos
742 1278 826 1317 sine
856 1280 943 1317 luce
971 1277 1069 1328 vagi.
