2095 3173
336 241 389 279 92
792 231 921 272 VOX
963 233 1323 275 CLAMANTIS

445 337 559 375 Aeris
590 344 628 376 et
657 338 836 376 volucres
866 339 974 376 iussu
1004 339 1135 388 Moysi
1166 340 1407 387 ceciderunt,

448 403 577 452 Inque
606 401 717 440 cibos
747 403 884 452 populi
914 403 1145 442 subiacuere
1175 405 1263 443 dei:
1750 421 1812 454 27³

448 467 499 504 Et
528 467 645 516 piscis
675 468 806 505 triduo
837 468 937 506 Ione
967 469 1128 507 seruiuit
1158 469 1198 506 in
1228 470 1354 517 vndis‚

449 533 558 569 Dum
589 532 737 570 Niniue
765 538 881 581 portu
910 539 1046 572 ventre
1076 534 1219 572 refudit
1248 547 1351 573 eum.

447 596 595 635 Omnia
624 596 680 634 sic
710 597 813 634 iusto
842 605 949 646 patet
979 604 1018 636 vt
1048 599 1184 637 diuina
1213 607 1343 638 creata

447 661 701 699 Subueniunt
730 661 894 710 homini,
926 662 1085 701 subdita
1115 670 1206 702 sunt
1236 671 1275 703 et
1304 666 1351 703 ei.

449 726 485 765 O
516 739 636 776 quam
666 726 778 765 diues
808 728 941 775 homo,
974 741 1093 778 quarn
1123 742 1269 779 magno
1298 743 1463 770 munere
1492 731 1593 778 felix,

449 792 525 830 Cui
555 798 661 830 totus
691 793 761 830 soli
794 792 977 831 subditur
1005 793 1111 832 orbis
1141 795 1294 834 honor!

449 857 558 894 Felix
587 869 655 906 pre
684 858 850 905 cunctis,
882 858 946 895 cui
975 859 1167 908 quicquid
1196 859 1344 898 fabrica
1373 861 1513 912 mundi

449 922 650 968 Continet,
681 923 846 972 assurgit
875 929 914 961 et
943 936 1013 961 sua
1043 924 1147 962 iussa
1177 925 1279 963 facit.

451 988 490 1025 Si
521 994 656 1026 tamen
686 994 848 1026 econtra
877 989 1002 1027 iustus
1033 1001 1103 1027 sua
1131 991 1291 1028 verterit
1319 997 1418 1039 acta,

452 1052 565 1091 Illico
594 1065 824 1103 peruersum
854 1055 1005 1092 senciet
1034 1055 1128 1094 inde
1158 1055 1320 1093 malum.
1754 1065 1817 1097 280

391 1194 470 1229 Hic
495 1196 655 1230 tractat
681 1195 906 1230 secundum
934 1195 1170 1240 scripturas
1195 1199 1238 1232 et
1263 1197 1434 1241 allegat,
1461 1198 1643 1241 qualiter
1670 1207 1818 1233 omnes

345 1254 536 1288 creature
552 1253 712 1288 homini
730 1254 942 1298 peccatori
960 1255 1239 1291 aduersantes
1256 1255 1511 1291 inobediunt.

221 1336 349 1384 Capm.
373 1335 421 1373 vi.
513 1336 619 1373 Dum
652 1336 786 1374 Dauid
816 1336 899 1385 ipse
929 1337 1056 1374 scelus
1085 1328 1296 1385 commisit,
1329 1338 1369 1375 in
1398 1350 1488 1376 aere
1516 1338 1637 1388 pestis

451 1401 656 1450 Congelat,
689 1408 726 1439 et
754 1409 914 1451 gentem
945 1403 1082 1440 sternit
1111 1402 1258 1452 vbique
1288 1415 1426 1441 suam:

452 1466 504 1504 Et
533 1478 604 1516 pro
634 1467 806 1515 peccatis
837 1467 1055 1506 Sodomam
1085 1468 1359 1507 combusserat
1388 1469 1500 1518 ignis,

451 1532 603 1581 Estque
629 1532 760 1571 Chore
789 1533 915 1581 culpis
945 1533 1029 1571 eius
1058 1533 1199 1571 adusta
1229 1534 1396 1572 domus:

451 1598 616 1646 Propter
644 1604 853 1646 peccatum
883 1605 1034 1637 torrens
1064 1599 1246 1648 peruenit
1275 1611 1479 1648 aquarum,

452 1663 500 1701 In
531 1663 739 1701 moriendo
768 1663 913 1712 quibus
943 1664 1132 1702 condolet
1161 1676 1282 1701 omne
1310 1676 1458 1713 genus:

453 1728 504 1765 Et
533 1733 633 1766 terre
663 1728 789 1766 solida
818 1728 928 1766 viciis
959 1729 1113 1766 fuerant
1142 1729 1364 1778 liquefacta,

455 1794 563 1831 Dum
595 1794 754 1831 Dathan
784 1806 831 1832 ac
862 1793 1014 1832 Abiron
1045 1794 1166 1832 scissa
1196 1806 1367 1832 cauerna
1396 1801 1529 1834 vorat:

454 1859 631 1908 Angelus
661 1865 700 1897 et
729 1859 882 1897 domini
913 1859 1011 1898 Sirie
1041 1866 1188 1897 turmas
1219 1860 1330 1897 dedit
1359 1860 1455 1908 ensi,

455 1925 684 1974 Lisiamque
713 1925 858 1963 ducem
888 1925 979 1963 fecit
1009 1925 1106 1963 inire
1135 1926 1291 1975 fugam:
1759 1942 1823 1974 290

454 1989 615 2038 Septem
646 1996 765 2028 nocte
793 1990 896 2028 viros
927 1990 1039 2028 Sarre
1069 1990 1261 2039 iugulauit
1290 1990 1449 2039 iniquos

457 2056 617 2092 Demon
647 2062 686 2093 et
714 2056 953 2102 Asmodeus‚
985 2056 1068 2093 vult
1097 2056 1150 2093 ita
1180 2067 1353 2104 namque
1383 2055 1493 2093 deus.

512 2119 579 2157 Nil
607 2118 764 2157 fortuna
791 2126 923 2168 potest
952 2120 1098 2157 iniusto
1128 2120 1226 2157 ferre
1256 2120 1403 2166 salutis,

459 2185 645 2234 Namque
673 2196 811 2222 creans
841 2184 999 2222 obstant
1029 2191 1148 2233 atque
1178 2190 1309 2222 creata
1338 2184 1478 2222 simul:

461 2249 528 2287 Nil
556 2249 660 2287 valet
688 2249 840 2286 auferre
869 2249 972 2286 iusto
1002 2249 1159 2286 fortuna
1188 2248 1340 2295 valoris,

460 2315 563 2352 Nam
593 2314 693 2352 deus
723 2314 806 2363 ipse
836 2314 956 2361 iuuat,
988 2320 1026 2351 et
1057 2312 1131 2351 sibi
1161 2314 1240 2351 fata
1270 2313 1403 2350 nichil.

458 2380 571 2418 Vires
601 2379 822 2429 Sampsoni,
853 2379 916 2417 vel
945 2391 1104 2417 sensum
1135 2378 1222 2428 quis
1252 2378 1466 2425 Salomoni,

458 2444 640 2483 Absolon
669 2451 737 2482 aut
766 2445 939 2494 speciem
969 2443 1165 2481 contulit?
1213 2444 1321 2481 Ecce
1350 2443 1513 2492 quidem

460 2510 638 2559 Corpora
667 2516 805 2548 natura
834 2509 956 2557 dedit,
988 2515 1026 2547 et
1057 2509 1113 2546 sic
1142 2509 1269 2558 exiget
1299 2508 1374 2555 illa,

459 2575 635 2613 Virtutes
664 2575 796 2613 anime
824 2574 953 2624 gracia
983 2574 1066 2612 sola
1095 2573 1182 2612 dei:
1757 2588 1823 2620 300

461 2640 525 2678 Sic
554 2646 661 2689 patet
690 2646 730 2677 vt
759 2640 915 2678 fortuna
945 2639 1067 2676 nichil
1095 2639 1199 2676 valet
1227 2637 1374 2676 addere
1404 2637 1532 2684 nobis,

461 2705 620 2743 Tollere
649 2717 719 2743 seu
749 2704 954 2755 quicquid,
984 2716 1077 2741 curn
1109 2703 1231 2741 nichil
1261 2703 1346 2752 ipsa
1375 2703 1497 2741 dedit.

463 2770 566 2809 Cum
597 2777 677 2808 tam
707 2771 917 2819 pacificum
947 2770 1044 2807 rexit
1073 2769 1262 2807 Salomon
1293 2768 1367 2806 sibi
1397 2780 1573 2817 regnum,

399 2856 463 2885 279
485 2845 647 2876 Attamen
664 2849 804 2876 econtra
819 2845 847 2876 si
863 2844 973 2875 iustus
991 2844 1020 2874 D
1155 2853 1220 2883 294
1245 2843 1357 2874 obstat
1373 2842 1498 2874 CGDL
1631 2852 1696 2882 300
1711 2841 1821 2873 anime

356 2897 551 2929 CEHGDL
580 2897 698 2941 =animi
717 2897 740 2928 S
874 2906 939 2938 303
963 2895 1160 2938 Paragraph
1178 2895 1249 2926 here
1266 2894 1366 2927 HDL

1463 3005 1478 3023 ζ
