<?xml version="1.0" encoding="UTF-8"?>
<!DOCTYPE html PUBLIC "-//W3C//DTD XHTML 1.0 Transitional//EN"
    "http://www.w3.org/TR/xhtml1/DTD/xhtml1-transitional.dtd">
<html xmlns="http://www.w3.org/1999/xhtml" xml:lang="en" lang="en">
 <head>
  <title>
</title>
<meta http-equiv="Content-Type" content="text/html;charset=utf-8" />
  <meta name='ocr-system' content='tesseract 3.04.00' />
  <meta name='ocr-capabilities' content='ocr_page ocr_carea ocr_par ocr_line ocrx_word'/>
</head>
<body>
  <div class='ocr_page' id='page_1' title='image "./completeworksofj04gowe_0426.png"; bbox 0 0 2121 3173; ppageno 0'>
   <div class='ocr_carea' id='block_1_1' title="bbox 460 232 541 283">
    <p class='ocr_par' dir='ltr' id='par_1_1' title="bbox 460 232 541 283">
     <span class='ocr_line' id='line_1_1' title="bbox 460 232 541 283; baseline 0.012 -13"><span class='ocrx_word' id='word_1_1' title='bbox 460 232 541 283; x_wconf 85' lang='lat'>318</span> 
     </span>
    </p>
   </div>
   <div class='ocr_carea' id='block_1_2' title="bbox 128 348 541 424">
    <p class='ocr_par' dir='ltr' id='par_1_2' title="bbox 128 348 541 424">
     <span class='ocr_line' id='line_1_2' title="bbox 128 348 541 388; baseline -0.002 -8"><span class='ocrx_word' id='word_1_2' title='bbox 128 349 257 388; x_wconf 82' lang='lat' dir='ltr'>absque</span> <span class='ocrx_word' id='word_1_3' title='bbox 297 348 541 388; x_wconf 83' lang='lat' dir='ltr'>redempcione</span> 
     </span>
     <span class='ocr_line' id='line_1_3' title="bbox 128 393 347 424; baseline 0.009 -2"><span class='ocrx_word' id='word_1_4' title='bbox 128 393 347 424; x_wconf 89' lang='lat' dir='ltr'>iudicaretur.</span> 
     </span>
    </p>
   </div>
   <div class='ocr_carea' id='block_1_3' title="bbox 125 471 541 943">
    <p class='ocr_par' dir='ltr' id='par_1_3' title="bbox 125 471 541 943">
     <span class='ocr_line' id='line_1_4' title="bbox 174 471 540 511; baseline -0.005 -9"><span class='ocrx_word' id='word_1_5' title='bbox 174 471 329 511; x_wconf 81' lang='lat' dir='ltr'>Qualiter</span> <span class='ocrx_word' id='word_1_6' title='bbox 339 471 540 511; x_wconf 85' lang='lat' dir='ltr'>parliamen-</span> 
     </span>
     <span class='ocr_line' id='line_1_5' title="bbox 127 516 540 554; baseline -0.005 -8"><span class='ocrx_word' id='word_1_7' title='bbox 127 521 198 547; x_wconf 88' lang='lat' dir='ltr'>tum</span> <span class='ocrx_word' id='word_1_8' title='bbox 217 516 383 554; x_wconf 80' lang='lat' dir='ltr'>gradatim</span> <span class='ocrx_word' id='word_1_9' title='bbox 403 524 540 554; x_wconf 89' lang='lat' dir='ltr'>proces-</span> 
     </span>
     <span class='ocr_line' id='line_1_6' title="bbox 126 560 541 599; baseline -0.007 -8"><span class='ocrx_word' id='word_1_10' title='bbox 126 561 183 597; x_wconf 87' lang='lat' dir='ltr'>sit,</span> <span class='ocrx_word' id='word_1_11' title='bbox 224 560 386 599; x_wconf 86' lang='lat' dir='ltr'>precipue</span> <span class='ocrx_word' id='word_1_12' title='bbox 425 562 541 589; x_wconf 89' lang='lat' dir='ltr'>contra</span> 
     </span>
     <span class='ocr_line' id='line_1_7' title="bbox 126 601 539 643; baseline -0.007 -9"><span class='ocrx_word' id='word_1_13' title='bbox 126 604 202 634; x_wconf 91' lang='lat' dir='ltr'>illos</span> <span class='ocrx_word' id='word_1_14' title='bbox 229 603 286 643; x_wconf 89' lang='lat' dir='ltr'>qui</span> <span class='ocrx_word' id='word_1_15' title='bbox 315 602 406 642; x_wconf 83' lang='lat' dir='ltr'>regis</span> <span class='ocrx_word' id='word_1_16' title='bbox 433 601 539 640; x_wconf 89' lang='lat' dir='ltr'>iniqui</span> 
     </span>
     <span class='ocr_line' id='line_1_8' title="bbox 126 645 540 685; baseline -0.01 -7"><span class='ocrx_word' id='word_1_17' title='bbox 126 647 276 678; x_wconf 81' lang='lat' dir='ltr'>fautores</span> <span class='ocrx_word' id='word_1_18' title='bbox 318 645 423 685; x_wconf 84' lang='lat' dir='ltr'>iniqui</span> <span class='ocrx_word' id='word_1_19' title='bbox 469 645 540 675; x_wconf 92' lang='lat' dir='ltr'>fue-</span> 
     </span>
     <span class='ocr_line' id='line_1_9' title="bbox 127 689 540 730; baseline -0.01 -8"><span class='ocrx_word' id='word_1_20' title='bbox 127 696 216 729; x_wconf 86' lang='lat' dir='ltr'>runt,</span> <span class='ocrx_word' id='word_1_21' title='bbox 245 700 388 730; x_wconf 88' lang='lat' dir='ltr'>quorum</span> <span class='ocrx_word' id='word_1_22' title='bbox 421 689 540 720; x_wconf 88' lang='lat' dir='ltr'>Simon</span> 
     </span>
     <span class='ocr_line' id='line_1_10' title="bbox 127 734 540 773; baseline -0.01 -7"><span class='ocrx_word' id='word_1_23' title='bbox 127 736 170 766; x_wconf 92' lang='lat' dir='ltr'>de</span> <span class='ocrx_word' id='word_1_24' title='bbox 197 735 301 765; x_wconf 86' lang='lat' dir='ltr'>Burle</span> <span class='ocrx_word' id='word_1_25' title='bbox 325 734 432 773; x_wconf 83' lang='lat' dir='ltr'>miles,</span> <span class='ocrx_word' id='word_1_26' title='bbox 460 736 540 763; x_wconf 89' lang='lat' dir='ltr'>tunc</span> 
     </span>
     <span class='ocr_line' id='line_1_11' title="bbox 125 776 540 818; baseline -0.01 -8"><span class='ocrx_word' id='word_1_27' title='bbox 125 780 216 818; x_wconf 87' lang='lat' dir='ltr'>regis</span> <span class='ocrx_word' id='word_1_28' title='bbox 247 776 473 814; x_wconf 81' lang='lat' dir='ltr'>Camerarius,</span> <span class='ocrx_word' id='word_1_29' title='bbox 507 776 540 806; x_wconf 92' lang='lat' dir='ltr'>in</span> 
     </span>
     <span class='ocr_line' id='line_1_12' title="bbox 125 821 539 854; baseline -0.012 0"><span class='ocrx_word' id='word_1_30' title='bbox 125 823 249 854; x_wconf 87' lang='lat' dir='ltr'>iudicio</span> <span class='ocrx_word' id='word_1_31' title='bbox 260 821 438 853; x_wconf 89' lang='lat' dir='ltr'>conuictus</span> <span class='ocrx_word' id='word_1_32' title='bbox 451 830 539 850; x_wconf 90' lang='lat' dir='ltr'>mor-</span> 
     </span>
     <span class='ocr_line' id='line_1_13' title="bbox 125 863 538 899; baseline -0.012 -1"><span class='ocrx_word' id='word_1_33' title='bbox 125 868 168 899; x_wconf 91' lang='lat' dir='ltr'>tis</span> <span class='ocrx_word' id='word_1_34' title='bbox 192 865 369 897; x_wconf 85' lang='lat' dir='ltr'>sentencia</span> <span class='ocrx_word' id='word_1_35' title='bbox 394 863 538 895; x_wconf 88' lang='lat' dir='ltr'>decolla-</span> 
     </span>
     <span class='ocr_line' id='line_1_14' title="bbox 125 914 264 943; baseline -0.007 0"><span class='ocrx_word' id='word_1_36' title='bbox 125 916 182 943; x_wconf 88' lang='lat' dir='ltr'>tus</span> <span class='ocrx_word' id='word_1_37' title='bbox 200 914 264 942; x_wconf 90' lang='lat' dir='ltr'>est.</span> 
     </span>
    </p>
   </div>
   <div class='ocr_carea' id='block_1_4' title="bbox 123 966 540 1320">
    <p class='ocr_par' dir='ltr' id='par_1_4' title="bbox 123 966 540 1320">
     <span class='ocr_line' id='line_1_15' title="bbox 170 966 539 1011; baseline -0.019 -7"><span class='ocrx_word' id='word_1_38' title='bbox 170 970 327 1011; x_wconf 86' lang='lat' dir='ltr'>Qualiter</span> <span class='ocrx_word' id='word_1_39' title='bbox 354 968 456 1000; x_wconf 87' lang='lat' dir='ltr'>etiam</span> <span class='ocrx_word' id='word_1_40' title='bbox 485 966 539 998; x_wconf 93' lang='lat' dir='ltr'>Io-</span> 
     </span>
     <span class='ocr_line' id='line_1_16' title="bbox 124 1011 540 1051; baseline -0.017 -4"><span class='ocrx_word' id='word_1_41' title='bbox 124 1017 258 1047; x_wconf 90' lang='lat' dir='ltr'>hannes</span> <span class='ocrx_word' id='word_1_42' title='bbox 320 1011 540 1051; x_wconf 88' lang='lat' dir='ltr'>Beauchamp</span> 
     </span>
     <span class='ocr_line' id='line_1_17' title="bbox 125 1056 539 1099; baseline -0.017 -8"><span class='ocrx_word' id='word_1_43' title='bbox 125 1060 233 1099; x_wconf 91' lang='lat' dir='ltr'>miles,</span> <span class='ocrx_word' id='word_1_44' title='bbox 259 1063 340 1090; x_wconf 89' lang='lat' dir='ltr'>tunc</span> <span class='ocrx_word' id='word_1_45' title='bbox 363 1056 453 1095; x_wconf 86' lang='lat' dir='ltr'>regis</span> <span class='ocrx_word' id='word_1_46' title='bbox 478 1056 539 1086; x_wconf 94' lang='lat' dir='ltr'>ho-</span> 
     </span>
     <span class='ocr_line' id='line_1_18' title="bbox 123 1099 535 1143; baseline -0.015 -9"><span class='ocrx_word' id='word_1_47' title='bbox 123 1104 223 1143; x_wconf 88' lang='lat' dir='ltr'>spicii</span> <span class='ocrx_word' id='word_1_48' title='bbox 302 1099 535 1136; x_wconf 88' lang='lat' dir='ltr'>Senescallus,</span> 
     </span>
     <span class='ocr_line' id='line_1_19' title="bbox 123 1144 536 1187; baseline -0.017 -8"><span class='ocrx_word' id='word_1_49' title='bbox 123 1158 225 1187; x_wconf 89' lang='lat' dir='ltr'>quem</span> <span class='ocrx_word' id='word_1_50' title='bbox 265 1155 326 1177; x_wconf 91' lang='lat' dir='ltr'>rex</span> <span class='ocrx_word' id='word_1_51' title='bbox 365 1144 536 1174; x_wconf 77' lang='lat' dir='ltr'>Batonem</span> 
     </span>
     <span class='ocr_line' id='line_1_20' title="bbox 125 1187 536 1230; baseline -0.015 -7"><span class='ocrx_word' id='word_1_52' title='bbox 125 1193 168 1223; x_wconf 90' lang='lat' dir='ltr'>de</span> <span class='ocrx_word' id='word_1_53' title='bbox 181 1189 413 1230; x_wconf 83' lang='lat' dir='ltr'>Briggenorth</span> <span class='ocrx_word' id='word_1_54' title='bbox 421 1187 536 1218; x_wconf 83' lang='lat' dir='ltr'>vocari</span> 
     </span>
     <span class='ocr_line' id='line_1_21' title="bbox 125 1232 536 1272; baseline -0.017 -5"><span class='ocrx_word' id='word_1_55' title='bbox 125 1235 311 1272; x_wconf 88' lang='lat' dir='ltr'>constituit,</span> <span class='ocrx_word' id='word_1_56' title='bbox 335 1232 461 1263; x_wconf 88' lang='lat' dir='ltr'>amisso</span> <span class='ocrx_word' id='word_1_57' title='bbox 484 1241 536 1261; x_wconf 88' lang='lat' dir='ltr'>ca-</span> 
     </span>
     <span class='ocr_line' id='line_1_22' title="bbox 123 1275 537 1320; baseline -0.014 -9"><span class='ocrx_word' id='word_1_58' title='bbox 123 1280 194 1320; x_wconf 87' lang='lat' dir='ltr'>pite</span> <span class='ocrx_word' id='word_1_59' title='bbox 211 1279 253 1310; x_wconf 83' lang='lat' dir='ltr'>de</span> <span class='ocrx_word' id='word_1_60' title='bbox 267 1277 370 1309; x_wconf 92' lang='lat' dir='ltr'>Curia</span> <span class='ocrx_word' id='word_1_61' title='bbox 383 1275 537 1307; x_wconf 84' lang='lat' dir='ltr'>recessit.</span> 
     </span>
    </p>
   </div>
   <div class='ocr_carea' id='block_1_5' title="bbox 124 1516 538 1821">
    <p class='ocr_par' dir='ltr' id='par_1_5' title="bbox 124 1516 538 1821">
     <span class='ocr_line' id='line_1_23' title="bbox 168 1516 538 1558; baseline -0.011 -8"><span class='ocrx_word' id='word_1_62' title='bbox 168 1518 324 1558; x_wconf 86' lang='lat' dir='ltr'>Qualiter</span> <span class='ocrx_word' id='word_1_63' title='bbox 352 1516 538 1548; x_wconf 87' lang='lat' dir='ltr'>Nicholaus</span> 
     </span>
     <span class='ocr_line' id='line_1_24' title="bbox 127 1561 538 1601; baseline -0.007 -8"><span class='ocrx_word' id='word_1_64' title='bbox 127 1563 298 1600; x_wconf 84' lang='lat' dir='ltr'>Brembel,</span> <span class='ocrx_word' id='word_1_65' title='bbox 315 1561 371 1601; x_wconf 92' lang='lat' dir='ltr'>qui</span> <span class='ocrx_word' id='word_1_66' title='bbox 397 1561 480 1591; x_wconf 88' lang='lat' dir='ltr'>ciuis</span> <span class='ocrx_word' id='word_1_67' title='bbox 504 1565 538 1591; x_wconf 90' lang='lat' dir='ltr'>et</span> 
     </span>
     <span class='ocr_line' id='line_1_25' title="bbox 125 1604 538 1637; baseline -0.007 0"><span class='ocrx_word' id='word_1_68' title='bbox 125 1607 236 1637; x_wconf 89' lang='lat' dir='ltr'>Maior</span> <span class='ocrx_word' id='word_1_69' title='bbox 283 1604 538 1636; x_wconf 89' lang='lat' dir='ltr'>Londoniarum</span> 
     </span>
     <span class='ocr_line' id='line_1_26' title="bbox 125 1649 536 1689; baseline -0.007 -8"><span class='ocrx_word' id='word_1_70' title='bbox 125 1651 247 1689; x_wconf 87' lang='lat' dir='ltr'>suerat,</span> <span class='ocrx_word' id='word_1_71' title='bbox 264 1650 306 1680; x_wconf 89' lang='lat' dir='ltr'>ad</span> <span class='ocrx_word' id='word_1_72' title='bbox 324 1649 435 1680; x_wconf 90' lang='lat' dir='ltr'>furcas</span> <span class='ocrx_word' id='word_1_73' title='bbox 451 1654 536 1678; x_wconf 91' lang='lat' dir='ltr'>trac-</span> 
     </span>
     <span class='ocr_line' id='line_1_27' title="bbox 124 1694 538 1732; baseline -0.007 -7"><span class='ocrx_word' id='word_1_74' title='bbox 124 1700 180 1725; x_wconf 92' lang='lat' dir='ltr'>tus</span> <span class='ocrx_word' id='word_1_75' title='bbox 212 1698 246 1725; x_wconf 88' lang='lat' dir='ltr'>et</span> <span class='ocrx_word' id='word_1_76' title='bbox 278 1694 321 1723; x_wconf 92' lang='lat' dir='ltr'>ibi</span> <span class='ocrx_word' id='word_1_77' title='bbox 348 1702 538 1732; x_wconf 89' lang='lat' dir='ltr'>suspensus</span> 
     </span>
     <span class='ocr_line' id='line_1_28' title="bbox 124 1737 536 1769; baseline -0.005 0"><span class='ocrx_word' id='word_1_78' title='bbox 124 1748 220 1769; x_wconf 90' lang='lat' dir='ltr'>suam</span> <span class='ocrx_word' id='word_1_79' title='bbox 236 1738 326 1768; x_wconf 91' lang='lat' dir='ltr'>vrbis</span> <span class='ocrx_word' id='word_1_80' title='bbox 344 1737 536 1767; x_wconf 90' lang='lat' dir='ltr'>libertatem</span> 
     </span>
     <span class='ocr_line' id='line_1_29' title="bbox 125 1780 412 1821; baseline -0.007 -9"><span class='ocrx_word' id='word_1_81' title='bbox 125 1782 272 1821; x_wconf 85' lang='lat' dir='ltr'>turpiter</span> <span class='ocrx_word' id='word_1_82' title='bbox 288 1780 412 1812; x_wconf 86' lang='lat' dir='ltr'>amisit.</span> 
     </span>
    </p>
   </div>
   <div class='ocr_carea' id='block_1_6' title="bbox 120 1908 536 2248">
    <p class='ocr_par' dir='ltr' id='par_1_6' title="bbox 120 1908 536 2248">
     <span class='ocr_line' id='line_1_30' title="bbox 166 1908 536 1949; baseline -0.003 -9"><span class='ocrx_word' id='word_1_83' title='bbox 166 1909 324 1949; x_wconf 82' lang='lat' dir='ltr'>Qualiter</span> <span class='ocrx_word' id='word_1_84' title='bbox 338 1909 446 1940; x_wconf 88' lang='lat' dir='ltr'>eciam</span> <span class='ocrx_word' id='word_1_85' title='bbox 468 1908 536 1940; x_wconf 86' lang='lat' dir='ltr'>Ro-</span> 
     </span>
     <span class='ocr_line' id='line_1_31' title="bbox 121 1953 535 1991; baseline -0.002 -6"><span class='ocrx_word' id='word_1_86' title='bbox 121 1955 236 1985; x_wconf 85' lang='lat' dir='ltr'>bertus</span> <span class='ocrx_word' id='word_1_87' title='bbox 247 1953 413 1984; x_wconf 86' lang='lat' dir='ltr'>Tresilian</span> <span class='ocrx_word' id='word_1_88' title='bbox 427 1953 535 1991; x_wconf 88' lang='lat' dir='ltr'>miles,</span> 
     </span>
     <span class='ocr_line' id='line_1_32' title="bbox 121 1997 535 2037; baseline -0.002 -9"><span class='ocrx_word' id='word_1_89' title='bbox 121 1999 178 2037; x_wconf 92' lang='lat' dir='ltr'>qui</span> <span class='ocrx_word' id='word_1_90' title='bbox 217 2003 297 2029; x_wconf 88' lang='lat' dir='ltr'>tunc</span> <span class='ocrx_word' id='word_1_91' title='bbox 336 1998 378 2028; x_wconf 91' lang='lat' dir='ltr'>de</span> <span class='ocrx_word' id='word_1_92' title='bbox 418 1997 535 2027; x_wconf 88' lang='lat' dir='ltr'>Banco</span> 
     </span>
     <span class='ocr_line' id='line_1_33' title="bbox 121 2040 535 2081; baseline -0.005 -9"><span class='ocrx_word' id='word_1_93' title='bbox 121 2042 210 2081; x_wconf 85' lang='lat' dir='ltr'>regis</span> <span class='ocrx_word' id='word_1_94' title='bbox 246 2042 347 2072; x_wconf 87' lang='lat' dir='ltr'>iudex</span> <span class='ocrx_word' id='word_1_95' title='bbox 382 2040 535 2080; x_wconf 88' lang='lat' dir='ltr'>capitalis</span> 
     </span>
     <span class='ocr_line' id='line_1_34' title="bbox 121 2084 533 2123; baseline -0.005 -7"><span class='ocrx_word' id='word_1_96' title='bbox 121 2085 245 2123; x_wconf 83' lang='lat' dir='ltr'>extitit,</span> <span class='ocrx_word' id='word_1_97' title='bbox 259 2086 321 2116; x_wconf 92' lang='lat' dir='ltr'>sub</span> <span class='ocrx_word' id='word_1_98' title='bbox 336 2085 456 2115; x_wconf 89' lang='lat' dir='ltr'>eadem</span> <span class='ocrx_word' id='word_1_99' title='bbox 468 2084 533 2114; x_wconf 86' lang='lat' dir='ltr'>fur-</span> 
     </span>
     <span class='ocr_line' id='line_1_35' title="bbox 121 2128 534 2168; baseline -0.002 -9"><span class='ocrx_word' id='word_1_100' title='bbox 121 2139 233 2160; x_wconf 82' lang='lat' dir='ltr'>carum</span> <span class='ocrx_word' id='word_1_101' title='bbox 253 2139 339 2168; x_wconf 88' lang='lat' dir='ltr'>pena</span> <span class='ocrx_word' id='word_1_102' title='bbox 358 2129 448 2159; x_wconf 88' lang='lat' dir='ltr'>diem</span> <span class='ocrx_word' id='word_1_103' title='bbox 465 2128 534 2158; x_wconf 87' lang='lat' dir='ltr'>vite</span> 
     </span>
     <span class='ocr_line' id='line_1_36' title="bbox 120 2171 535 2204; baseline -0.002 -1"><span class='ocrx_word' id='word_1_104' title='bbox 120 2183 180 2204; x_wconf 88' lang='lat' dir='ltr'>sue</span> <span class='ocrx_word' id='word_1_105' title='bbox 196 2172 401 2203; x_wconf 87' lang='lat' dir='ltr'>iudicialiter</span> <span class='ocrx_word' id='word_1_106' title='bbox 414 2171 535 2203; x_wconf 88' lang='lat' dir='ltr'>clausit</span> 
     </span>
     <span class='ocr_line' id='line_1_37' title="bbox 122 2222 322 2248; baseline -0.005 0"><span class='ocrx_word' id='word_1_107' title='bbox 122 2222 322 2248; x_wconf 83' lang='lat' dir='ltr'>extremum.</span> 
     </span>
    </p>
   </div>
   <div class='ocr_carea' id='block_1_7' title="bbox 119 2568 534 2785">
    <p class='ocr_par' dir='ltr' id='par_1_7' title="bbox 119 2568 534 2785">
     <span class='ocr_line' id='line_1_38' title="bbox 165 2568 533 2610; baseline -0.005 -9"><span class='ocrx_word' id='word_1_108' title='bbox 165 2569 453 2610; x_wconf 81' lang='lat' dir='ltr'>Qualiteriudices</span> <span class='ocrx_word' id='word_1_109' title='bbox 464 2568 533 2609; x_wconf 90' lang='lat' dir='ltr'>alii,</span> 
     </span>
     <span class='ocr_line' id='line_1_39' title="bbox 121 2613 534 2653; baseline -0.002 -8"><span class='ocrx_word' id='word_1_110' title='bbox 121 2615 178 2653; x_wconf 85' lang='lat' dir='ltr'>qui</span> <span class='ocrx_word' id='word_1_111' title='bbox 217 2613 399 2653; x_wconf 85' lang='lat' dir='ltr'>originales</span> <span class='ocrx_word' id='word_1_112' title='bbox 442 2613 534 2651; x_wconf 87' lang='lat' dir='ltr'>regis</span> 
     </span>
     <span class='ocr_line' id='line_1_40' title="bbox 120 2656 533 2697; baseline -0.007 -8"><span class='ocrx_word' id='word_1_113' title='bbox 120 2668 294 2697; x_wconf 85' lang='lat' dir='ltr'>excessus,</span> <span class='ocrx_word' id='word_1_114' title='bbox 305 2661 341 2687; x_wconf 84' lang='lat' dir='ltr'>vt</span> <span class='ocrx_word' id='word_1_115' title='bbox 352 2656 533 2696; x_wconf 86' lang='lat' dir='ltr'>prefertur,</span> 
     </span>
     <span class='ocr_line' id='line_1_41' title="bbox 120 2701 534 2741; baseline -0.002 -10"><span class='ocrx_word' id='word_1_116' title='bbox 120 2702 241 2741; x_wconf 85' lang='lat' dir='ltr'>sigillis</span> <span class='ocrx_word' id='word_1_117' title='bbox 252 2701 446 2732; x_wconf 88' lang='lat' dir='ltr'>suiscontra</span> <span class='ocrx_word' id='word_1_118' title='bbox 458 2710 534 2740; x_wconf 90' lang='lat' dir='ltr'>pro-</span> 
     </span>
     <span class='ocr_line' id='line_1_42' title="bbox 119 2743 533 2785; baseline -0.005 -9"><span class='ocrx_word' id='word_1_119' title='bbox 119 2755 215 2777; x_wconf 85' lang='lat' dir='ltr'>ceres</span> <span class='ocrx_word' id='word_1_120' title='bbox 246 2745 458 2785; x_wconf 87' lang='lat' dir='ltr'>roborarunt,</span> <span class='ocrx_word' id='word_1_121' title='bbox 491 2743 533 2774; x_wconf 88' lang='lat' dir='ltr'>ad</span> 
     </span>
    </p>
   </div>
   <div class='ocr_carea' id='block_1_8' title="bbox 552 2837 1113 2929">
    <p class='ocr_par' dir='ltr' id='par_1_8' title="bbox 552 2837 1113 2929">
     <span class='ocr_line' id='line_1_43' title="bbox 599 2837 1113 2878; baseline 0 -10"><span class='ocrx_word' id='word_1_122' title='bbox 599 2847 658 2876; x_wconf 88' lang='lat'>141</span> <span class='ocrx_word' id='word_1_123' title='bbox 686 2838 820 2878; x_wconf 77' lang='lat' dir='ltr'>margin</span> <span class='ocrx_word' id='word_1_124' title='bbox 845 2838 971 2869; x_wconf 89' lang='lat' dir='ltr'>Burlee</span> <span class='ocrx_word' id='word_1_125' title='bbox 995 2837 1113 2869; x_wconf 76' lang='lat' dir='ltr'>CHHs</span> 
     </span>
     <span class='ocr_line' id='line_1_44' title="bbox 552 2888 811 2929; baseline -0.008 -8"><span class='ocrx_word' id='word_1_126' title='bbox 552 2888 678 2929; x_wconf 87' lang='lat' dir='ltr'>iniquis</span> <span class='ocrx_word' id='word_1_127' title='bbox 694 2889 811 2921; x_wconf 73' lang='lat' dir='ltr'>CHHa</span> 
     </span>
    </p>
   </div>
   <div class='ocr_carea' id='block_1_9' title="bbox 944 228 1650 272">
    <p class='ocr_par' dir='ltr' id='par_1_9' title="bbox 944 228 1650 272">
     <span class='ocr_line' id='line_1_45' title="bbox 944 228 1650 272; baseline -0.007 0"><span class='ocrx_word' id='word_1_128' title='bbox 944 229 1224 272; x_wconf 87' lang='lat' dir='ltr'>CRONICA</span> <span class='ocrx_word' id='word_1_129' title='bbox 1263 228 1650 269; x_wconf 88' lang='lat' dir='ltr'><strong>TRIPERTITA</strong></span> 
     </span>
    </p>
   </div>
   <div class='ocr_carea' id='block_1_10' title="bbox 659 333 1865 2801">
    <p class='ocr_par' dir='ltr' id='par_1_10' title="bbox 670 333 1745 451">
     <span class='ocr_line' id='line_1_46' title="bbox 670 333 1745 385; baseline -0.006 -8"><span class='ocrx_word' id='word_1_130' title='bbox 670 339 732 376; x_wconf 92' lang='lat' dir='ltr'>De</span> <span class='ocrx_word' id='word_1_131' title='bbox 762 345 861 376; x_wconf 86' lang='lat' dir='ltr'>terra</span> <span class='ocrx_word' id='word_1_132' title='bbox 889 335 1041 385; x_wconf 86' lang='lat' dir='ltr'>dempti</span> <span class='ocrx_word' id='word_1_133' title='bbox 1071 335 1126 373; x_wconf 88' lang='lat' dir='ltr'>sic</span> <span class='ocrx_word' id='word_1_134' title='bbox 1155 341 1257 382; x_wconf 92' lang='lat' dir='ltr'>sunt,</span> <span class='ocrx_word' id='word_1_135' title='bbox 1289 347 1370 372; x_wconf 87' lang='lat' dir='ltr'>non</span> <span class='ocrx_word' id='word_1_136' title='bbox 1400 347 1494 372; x_wconf 87' lang='lat' dir='ltr'>ense</span> <span class='ocrx_word' id='word_1_137' title='bbox 1523 333 1745 384; x_wconf 83' lang='lat' dir='ltr'>perempti,-</span> 
     </span>
     <span class='ocr_line' id='line_1_47' title="bbox 671 398 1557 451; baseline -0.006 -10"><span class='ocrx_word' id='word_1_138' title='bbox 671 405 741 442; x_wconf 90' lang='lat' dir='ltr'>Est</span> <span class='ocrx_word' id='word_1_139' title='bbox 770 402 824 440; x_wconf 90' lang='lat' dir='ltr'>ita</span> <span class='ocrx_word' id='word_1_140' title='bbox 852 401 973 440; x_wconf 91' lang='lat' dir='ltr'>dilata</span> <span class='ocrx_word' id='word_1_141' title='bbox 1001 413 1209 451; x_wconf 88' lang='lat' dir='ltr'>procerum</span> <span class='ocrx_word' id='word_1_142' title='bbox 1239 398 1441 438; x_wconf 81' lang='lat' dir='ltr'>sentencia</span> <span class='ocrx_word' id='word_1_143' title='bbox 1470 400 1557 437; x_wconf 89' lang='lat' dir='ltr'>lata.</span> 
     </span>
    </p>

    <p class='ocr_par' dir='ltr' id='par_1_11' title="bbox 667 464 1814 842">
     <span class='ocr_line' id='line_1_48' title="bbox 725 464 1745 515; baseline -0.004 -10"><span class='ocrx_word' id='word_1_144' title='bbox 725 469 817 505; x_wconf 91' lang='lat' dir='ltr'>Hoc</span> <span class='ocrx_word' id='word_1_145' title='bbox 846 467 951 504; x_wconf 87' lang='lat' dir='ltr'>facto</span> <span class='ocrx_word' id='word_1_146' title='bbox 981 472 1151 515; x_wconf 87' lang='lat' dir='ltr'>querunt</span> <span class='ocrx_word' id='word_1_147' title='bbox 1181 465 1290 512; x_wconf 91' lang='lat' dir='ltr'>alios,</span> <span class='ocrx_word' id='word_1_148' title='bbox 1323 464 1390 515; x_wconf 84' lang='lat' dir='ltr'>qui</span> <span class='ocrx_word' id='word_1_149' title='bbox 1420 472 1514 502; x_wconf 89' lang='lat' dir='ltr'>tunc</span> <span class='ocrx_word' id='word_1_150' title='bbox 1535 466 1745 510; x_wconf 89' lang='lat' dir='ltr'>latuerunt,</span> 
     </span>
     <span class='ocr_line' id='line_1_49' title="bbox 669 529 1601 581; baseline -0.003 -11"><span class='ocrx_word' id='word_1_151' title='bbox 669 534 851 581; x_wconf 84' lang='lat' dir='ltr'>Quorum</span> <span class='ocrx_word' id='word_1_152' title='bbox 880 531 1018 581; x_wconf 87' lang='lat' dir='ltr'>regalis</span> <span class='ocrx_word' id='word_1_153' title='bbox 1048 530 1296 571; x_wconf 86' lang='lat' dir='ltr'>Camerarius</span> <span class='ocrx_word' id='word_1_154' title='bbox 1326 538 1384 569; x_wconf 92' lang='lat' dir='ltr'>est</span> <span class='ocrx_word' id='word_1_155' title='bbox 1413 529 1601 580; x_wconf 89' lang='lat' dir='ltr'>capitalis.</span> 
     </span>
     <span class='ocr_line' id='line_1_50' title="bbox 667 595 1559 647; baseline -0.003 -11"><span class='ocrx_word' id='word_1_156' title='bbox 667 596 825 637; x_wconf 84' lang='lat' dir='ltr'>Corruit</span> <span class='ocrx_word' id='word_1_157' title='bbox 853 596 893 634; x_wconf 89' lang='lat' dir='ltr'>in</span> <span class='ocrx_word' id='word_1_158' title='bbox 922 598 1001 634; x_wconf 88' lang='lat' dir='ltr'>fata</span> <span class='ocrx_word' id='word_1_159' title='bbox 1029 596 1148 647; x_wconf 84' lang='lat' dir='ltr'>gladii</span> <span class='ocrx_word' id='word_1_160' title='bbox 1177 595 1294 635; x_wconf 90' lang='lat' dir='ltr'>vestis</span> <span class='ocrx_word' id='word_1_161' title='bbox 1324 597 1534 646; x_wconf 83' lang='lat' dir='ltr'>stragulata</span> <span class='ocrx_word' id='word_1_162' title='bbox 1548 609 1559 643; x_wconf 77' lang='lat'><em>3</em></span> 
     </span>
     <span class='ocr_line' id='line_1_51' title="bbox 668 661 1814 712; baseline -0.002 -12"><span class='ocrx_word' id='word_1_163' title='bbox 668 663 752 700; x_wconf 85' lang='lat' dir='ltr'>Stat</span> <span class='ocrx_word' id='word_1_164' title='bbox 781 661 873 712; x_wconf 87' lang='lat' dir='ltr'>quia</span> <span class='ocrx_word' id='word_1_165' title='bbox 902 675 984 700; x_wconf 92' lang='lat' dir='ltr'>non</span> <span class='ocrx_word' id='word_1_166' title='bbox 1013 669 1129 709; x_wconf 85' lang='lat' dir='ltr'>recta,</span> <span class='ocrx_word' id='word_1_167' title='bbox 1162 661 1284 712; x_wconf 88' lang='lat' dir='ltr'>magis</span> <span class='ocrx_word' id='word_1_168' title='bbox 1315 668 1373 699; x_wconf 90' lang='lat' dir='ltr'>est</span> <span class='ocrx_word' id='word_1_169' title='bbox 1402 661 1600 712; x_wconf 86' lang='lat' dir='ltr'>culpanda</span> <span class='ocrx_word' id='word_1_170' title='bbox 1630 666 1814 699; x_wconf 86' lang='lat' dir='ltr'>senecta:</span> 
     </span>
     <span class='ocr_line' id='line_1_52' title="bbox 669 726 1703 777; baseline -0.001 -12"><span class='ocrx_word' id='word_1_171' title='bbox 669 727 850 765; x_wconf 85' lang='lat' dir='ltr'>Lacrima</span> <span class='ocrx_word' id='word_1_172' title='bbox 880 726 1033 777; x_wconf 87' lang='lat' dir='ltr'>Regine</span> <span class='ocrx_word' id='word_1_173' title='bbox 1062 729 1159 766; x_wconf 89' lang='lat' dir='ltr'>dum</span> <span class='ocrx_word' id='word_1_174' title='bbox 1188 726 1316 777; x_wconf 88' lang='lat' dir='ltr'>poscit</span> <span class='ocrx_word' id='word_1_175' title='bbox 1345 740 1463 777; x_wconf 85' lang='lat' dir='ltr'>opem</span> <span class='ocrx_word' id='word_1_176' title='bbox 1494 726 1703 774; x_wconf 88' lang='lat' dir='ltr'>medicine,</span> 
     </span>
     <span class='ocr_line' id='line_1_53' title="bbox 669 791 1657 842; baseline -0.002 -11"><span class='ocrx_word' id='word_1_177' title='bbox 669 792 846 831; x_wconf 89' lang='lat' dir='ltr'>Obrutus</span> <span class='ocrx_word' id='word_1_178' title='bbox 875 791 1019 830; x_wconf 89' lang='lat' dir='ltr'>amittit</span> <span class='ocrx_word' id='word_1_179' title='bbox 1047 799 1166 842; x_wconf 87' lang='lat' dir='ltr'>caput</span> <span class='ocrx_word' id='word_1_180' title='bbox 1195 799 1234 830; x_wconf 92' lang='lat' dir='ltr'>et</span> <span class='ocrx_word' id='word_1_181' title='bbox 1263 805 1333 830; x_wconf 88' lang='lat' dir='ltr'>sua</span> <span class='ocrx_word' id='word_1_182' title='bbox 1362 793 1499 831; x_wconf 89' lang='lat' dir='ltr'>funera</span> <span class='ocrx_word' id='word_1_183' title='bbox 1528 791 1657 830; x_wconf 86' lang='lat' dir='ltr'>mittit.</span> 
     </span>
    </p>

    <p class='ocr_par' dir='ltr' id='par_1_12' title="bbox 663 856 1865 1497">
     <span class='ocr_line' id='line_1_54' title="bbox 721 856 1668 904; baseline -0.002 -8"><span class='ocrx_word' id='word_1_184' title='bbox 721 859 828 896; x_wconf 90' lang='lat' dir='ltr'>Ecce</span> <span class='ocrx_word' id='word_1_185' title='bbox 858 857 1071 896; x_wconf 86' lang='lat' dir='ltr'>Senescalli</span> <span class='ocrx_word' id='word_1_186' title='bbox 1099 871 1181 896; x_wconf 91' lang='lat' dir='ltr'>non</span> <span class='ocrx_word' id='word_1_187' title='bbox 1210 864 1365 895; x_wconf 90' lang='lat' dir='ltr'>tantum</span> <span class='ocrx_word' id='word_1_188' title='bbox 1393 859 1501 895; x_wconf 90' lang='lat' dir='ltr'>lucra</span> <span class='ocrx_word' id='word_1_189' title='bbox 1529 856 1668 904; x_wconf 68' lang='lat' dir='ltr'>catam,</span> 
     </span>
     <span class='ocr_line' id='line_1_55' title="bbox 669 922 1638 977; baseline -0.002 -15"><span class='ocrx_word' id='word_1_190' title='bbox 669 924 759 973; x_wconf 88' lang='lat' dir='ltr'>Que</span> <span class='ocrx_word' id='word_1_191' title='bbox 788 925 893 962; x_wconf 88' lang='lat' dir='ltr'>mala</span> <span class='ocrx_word' id='word_1_192' title='bbox 921 922 1102 977; x_wconf 87' lang='lat' dir='ltr'>quesiuit‚</span> <span class='ocrx_word' id='word_1_193' title='bbox 1134 922 1290 962; x_wconf 88' lang='lat' dir='ltr'>sceleris</span> <span class='ocrx_word' id='word_1_194' title='bbox 1319 924 1476 961; x_wconf 89' lang='lat' dir='ltr'>fortuna</span> <span class='ocrx_word' id='word_1_195' title='bbox 1505 922 1638 970; x_wconf 87' lang='lat' dir='ltr'>sitiuit,</span> 
     </span>
     <span class='ocr_line' id='line_1_56' title="bbox 667 987 1694 1039; baseline -0.002 -11"><span class='ocrx_word' id='word_1_196' title='bbox 667 990 734 1028; x_wconf 88' lang='lat' dir='ltr'>Set</span> <span class='ocrx_word' id='word_1_197' title='bbox 764 988 887 1039; x_wconf 89' lang='lat' dir='ltr'>magis</span> <span class='ocrx_word' id='word_1_198' title='bbox 916 988 956 1027; x_wconf 91' lang='lat' dir='ltr'>in</span> <span class='ocrx_word' id='word_1_199' title='bbox 986 996 1154 1027; x_wconf 91' lang='lat' dir='ltr'>mortem</span> <span class='ocrx_word' id='word_1_200' title='bbox 1184 987 1360 1027; x_wconf 89' lang='lat' dir='ltr'>decreuit</span> <span class='ocrx_word' id='word_1_201' title='bbox 1388 988 1495 1027; x_wconf 88' lang='lat' dir='ltr'>curia</span> <span class='ocrx_word' id='word_1_202' title='bbox 1524 996 1694 1027; x_wconf 87' lang='lat' dir='ltr'>sortem:</span> 
     </span>
     <span class='ocr_line' id='line_1_57' title="bbox 668 1053 1750 1105; baseline -0.002 -12"><span class='ocrx_word' id='word_1_203' title='bbox 668 1055 777 1092; x_wconf 91' lang='lat' dir='ltr'>Dum</span> <span class='ocrx_word' id='word_1_204' title='bbox 806 1061 925 1105; x_wconf 87' lang='lat' dir='ltr'>caput</span> <span class='ocrx_word' id='word_1_205' title='bbox 954 1054 1128 1102; x_wconf 89' lang='lat' dir='ltr'>inclinat,</span> <span class='ocrx_word' id='word_1_206' title='bbox 1159 1054 1312 1104; x_wconf 85' lang='lat' dir='ltr'>gladius</span> <span class='ocrx_word' id='word_1_207' title='bbox 1342 1053 1417 1093; x_wconf 88' lang='lat' dir='ltr'>sibi</span> <span class='ocrx_word' id='word_1_208' title='bbox 1445 1053 1528 1092; x_wconf 90' lang='lat' dir='ltr'>iura</span> <span class='ocrx_word' id='word_1_209' title='bbox 1557 1053 1750 1104; x_wconf 88' lang='lat' dir='ltr'>propinat.</span> 
     </span>
     <span class='ocr_line' id='line_1_58' title="bbox 666 1118 1865 1170; baseline -0.001 -12"><span class='ocrx_word' id='word_1_210' title='bbox 666 1121 738 1159; x_wconf 90' lang='lat' dir='ltr'>Ille</span> <span class='ocrx_word' id='word_1_211' title='bbox 768 1120 931 1170; x_wconf 86' lang='lat' dir='ltr'>quidem</span> <span class='ocrx_word' id='word_1_212' title='bbox 962 1120 1133 1170; x_wconf 87' lang='lat' dir='ltr'>Cignum</span> <span class='ocrx_word' id='word_1_213' title='bbox 1164 1119 1353 1170; x_wconf 85' lang='lat' dir='ltr'>despexit,</span> <span class='ocrx_word' id='word_1_214' title='bbox 1385 1121 1620 1170; x_wconf 87' lang='lat' dir='ltr'>Aprumque</span> <span class='ocrx_word' id='word_1_215' title='bbox 1649 1118 1865 1170; x_wconf 84' lang='lat' dir='ltr'>malignum</span> 
     </span>
     <span class='ocr_line' id='line_1_59' title="bbox 663 1184 1598 1236; baseline -0.001 -12"><span class='ocrx_word' id='word_1_216' title='bbox 663 1185 828 1236; x_wconf 85' lang='lat' dir='ltr'>Semper</span> <span class='ocrx_word' id='word_1_217' title='bbox 856 1185 1044 1233; x_wconf 86' lang='lat' dir='ltr'>laudauit,</span> <span class='ocrx_word' id='word_1_218' title='bbox 1075 1199 1143 1224; x_wconf 89' lang='lat' dir='ltr'>cor</span> <span class='ocrx_word' id='word_1_219' title='bbox 1170 1184 1270 1235; x_wconf 86' lang='lat' dir='ltr'>regis</span> <span class='ocrx_word' id='word_1_220' title='bbox 1299 1193 1338 1224; x_wconf 89' lang='lat' dir='ltr'>et</span> <span class='ocrx_word' id='word_1_221' title='bbox 1366 1184 1598 1233; x_wconf 75' lang='lat' dir='ltr'>infamauit,</span> 
     </span>
     <span class='ocr_line' id='line_1_60' title="bbox 667 1250 1694 1301; baseline 0 -13"><span class='ocrx_word' id='word_1_222' title='bbox 667 1251 810 1298; x_wconf 86' lang='lat' dir='ltr'>Fallax,</span> <span class='ocrx_word' id='word_1_223' title='bbox 842 1258 1031 1298; x_wconf 87' lang='lat' dir='ltr'>versutus,</span> <span class='ocrx_word' id='word_1_224' title='bbox 1064 1250 1176 1301; x_wconf 88' lang='lat' dir='ltr'>quasi</span> <span class='ocrx_word' id='word_1_225' title='bbox 1204 1250 1331 1301; x_wconf 88' lang='lat' dir='ltr'>vulpis</span> <span class='ocrx_word' id='word_1_226' title='bbox 1360 1251 1497 1289; x_wconf 88' lang='lat' dir='ltr'>fraude</span> <span class='ocrx_word' id='word_1_227' title='bbox 1526 1251 1694 1297; x_wconf 89' lang='lat' dir='ltr'>volutus,</span> 
     </span>
     <span class='ocr_line' id='line_1_61' title="bbox 666 1315 1568 1367; baseline 0 -13"><span class='ocrx_word' id='word_1_228' title='bbox 666 1315 834 1355; x_wconf 87' lang='lat' dir='ltr'>Inuidus</span> <span class='ocrx_word' id='word_1_229' title='bbox 863 1324 901 1355; x_wconf 84' lang='lat' dir='ltr'>et·</span> <span class='ocrx_word' id='word_1_230' title='bbox 930 1316 1018 1367; x_wconf 91' lang='lat' dir='ltr'>paci</span> <span class='ocrx_word' id='word_1_231' title='bbox 1045 1316 1179 1367; x_wconf 89' lang='lat' dir='ltr'>lingua</span> <span class='ocrx_word' id='word_1_232' title='bbox 1206 1316 1279 1354; x_wconf 85' lang='lat' dir='ltr'>fuit</span> <span class='ocrx_word' id='word_1_233' title='bbox 1307 1316 1371 1355; x_wconf 91' lang='lat' dir='ltr'>ille</span> <span class='ocrx_word' id='word_1_234' title='bbox 1399 1315 1568 1366; x_wconf 83' lang='lat' dir='ltr'>loquaci.</span> 
     </span>
     <span class='ocr_line' id='line_1_62' title="bbox 667 1380 1682 1431; baseline -0.001 -12"><span class='ocrx_word' id='word_1_235' title='bbox 667 1381 827 1419; x_wconf 89' lang='lat' dir='ltr'>Nomen</span> <span class='ocrx_word' id='word_1_236' title='bbox 858 1381 1023 1420; x_wconf 87' lang='lat' dir='ltr'>Baronis</span> <span class='ocrx_word' id='word_1_237' title='bbox 1052 1381 1195 1420; x_wconf 87' lang='lat' dir='ltr'>cecidit</span> <span class='ocrx_word' id='word_1_238' title='bbox 1225 1381 1280 1420; x_wconf 92' lang='lat' dir='ltr'>sic</span> <span class='ocrx_word' id='word_1_239' title='bbox 1310 1383 1417 1420; x_wconf 89' lang='lat' dir='ltr'>Pons</span> <span class='ocrx_word' id='word_1_240' title='bbox 1446 1380 1656 1431; x_wconf 85' lang='lat' dir='ltr'>Aquilonis</span> <span class='ocrx_word' id='word_1_241' title='bbox 1671 1395 1682 1429; x_wconf 79' lang='lat'>3</span> 
     </span>
     <span class='ocr_line' id='line_1_63' title="bbox 667 1446 1664 1497; baseline 0.001 -13"><span class='ocrx_word' id='word_1_242' title='bbox 667 1447 761 1485; x_wconf 92' lang='lat' dir='ltr'>Hoc</span> <span class='ocrx_word' id='word_1_243' title='bbox 789 1459 855 1485; x_wconf 85' lang='lat' dir='ltr'>rex</span> <span class='ocrx_word' id='word_1_244' title='bbox 884 1446 1021 1485; x_wconf 90' lang='lat' dir='ltr'>erroris</span> <span class='ocrx_word' id='word_1_245' title='bbox 1050 1446 1183 1497; x_wconf 88' lang='lat' dir='ltr'>posuit</span> <span class='ocrx_word' id='word_1_246' title='bbox 1212 1446 1286 1485; x_wconf 89' lang='lat' dir='ltr'>sibi</span> <span class='ocrx_word' id='word_1_247' title='bbox 1315 1460 1463 1485; x_wconf 91' lang='lat' dir='ltr'>nomen</span> <span class='ocrx_word' id='word_1_248' title='bbox 1492 1446 1664 1485; x_wconf 85' lang='lat' dir='ltr'>honoris.</span> 
     </span>
    </p>

    <p class='ocr_par' dir='ltr' id='par_1_13' title="bbox 721 1511 1673 1559">
     <span class='ocr_line' id='line_1_64' title="bbox 721 1511 1673 1559; baseline 0 -10"><span class='ocrx_word' id='word_1_249' title='bbox 721 1511 851 1550; x_wconf 90' lang='lat' dir='ltr'>Maior</span> <span class='ocrx_word' id='word_1_250' title='bbox 880 1519 961 1550; x_wconf 90' lang='lat' dir='ltr'>erat</span> <span class='ocrx_word' id='word_1_251' title='bbox 989 1511 1090 1559; x_wconf 88' lang='lat' dir='ltr'>ville,</span> <span class='ocrx_word' id='word_1_252' title='bbox 1122 1512 1309 1551; x_wconf 87' lang='lat' dir='ltr'>Tribulus</span> <span class='ocrx_word' id='word_1_253' title='bbox 1338 1512 1467 1551; x_wconf 87' lang='lat' dir='ltr'>dictus</span> <span class='ocrx_word' id='word_1_254' title='bbox 1496 1512 1568 1550; x_wconf 87' lang='lat' dir='ltr'>fuit</span> <span class='ocrx_word' id='word_1_255' title='bbox 1598 1511 1673 1559; x_wconf 85' lang='lat' dir='ltr'>ille,</span> 
     </span>
    </p>

    <p class='ocr_par' dir='ltr' id='par_1_14' title="bbox 664 1575 1791 1758">
     <span class='ocr_line' id='line_1_65' title="bbox 666 1575 1791 1628; baseline -0.001 -13"><span class='ocrx_word' id='word_1_256' title='bbox 666 1576 747 1625; x_wconf 86' lang='lat' dir='ltr'>Qui</span> <span class='ocrx_word' id='word_1_257' title='bbox 776 1590 957 1627; x_wconf 87' lang='lat' dir='ltr'>proceres</span> <span class='ocrx_word' id='word_1_258' title='bbox 986 1576 1125 1627; x_wconf 90' lang='lat' dir='ltr'>pungit</span> <span class='ocrx_word' id='word_1_259' title='bbox 1154 1576 1334 1628; x_wconf 86' lang='lat' dir='ltr'>regisque</span> <span class='ocrx_word' id='word_1_260' title='bbox 1363 1579 1477 1616; x_wconf 89' lang='lat' dir='ltr'>dolos</span> <span class='ocrx_word' id='word_1_261' title='bbox 1507 1576 1630 1627; x_wconf 88' lang='lat' dir='ltr'>magis</span> <span class='ocrx_word' id='word_1_262' title='bbox 1660 1575 1791 1626; x_wconf 89' lang='lat' dir='ltr'>vngit:</span> 
     </span>
     <span class='ocr_line' id='line_1_66' title="bbox 665 1641 1753 1692; baseline 0 -13"><span class='ocrx_word' id='word_1_263' title='bbox 665 1643 789 1680; x_wconf 91' lang='lat' dir='ltr'>Hunc</span> <span class='ocrx_word' id='word_1_264' title='bbox 819 1641 931 1692; x_wconf 85' lang='lat' dir='ltr'>quasi</span> <span class='ocrx_word' id='word_1_265' title='bbox 960 1650 1185 1681; x_wconf 88' lang='lat' dir='ltr'>consortem</span> <span class='ocrx_word' id='word_1_266' title='bbox 1215 1642 1350 1681; x_wconf 86' lang='lat' dir='ltr'>dilexit</span> <span class='ocrx_word' id='word_1_267' title='bbox 1378 1656 1454 1690; x_wconf 82' lang='lat' dir='ltr'>rex,</span> <span class='ocrx_word' id='word_1_268' title='bbox 1487 1642 1579 1692; x_wconf 85' lang='lat' dir='ltr'>quia</span> <span class='ocrx_word' id='word_1_269' title='bbox 1608 1650 1753 1681; x_wconf 86' lang='lat' dir='ltr'>sortem</span> 
     </span>
     <span class='ocr_line' id='line_1_67' title="bbox 664 1706 1591 1758; baseline -0.002 -11"><span class='ocrx_word' id='word_1_270' title='bbox 664 1706 830 1747; x_wconf 87' lang='lat' dir='ltr'>Consilii</span> <span class='ocrx_word' id='word_1_271' title='bbox 859 1706 974 1757; x_wconf 88' lang='lat' dir='ltr'>cepit,</span> <span class='ocrx_word' id='word_1_272' title='bbox 1006 1721 1086 1758; x_wconf 88' lang='lat' dir='ltr'>quo</span> <span class='ocrx_word' id='word_1_273' title='bbox 1116 1715 1284 1746; x_wconf 88' lang='lat' dir='ltr'>mortem</span> <span class='ocrx_word' id='word_1_274' title='bbox 1313 1709 1392 1746; x_wconf 89' lang='lat' dir='ltr'>fine</span> <span class='ocrx_word' id='word_1_275' title='bbox 1420 1707 1591 1758; x_wconf 87' lang='lat' dir='ltr'>recepit:</span> 
     </span>
    </p>

    <p class='ocr_par' dir='ltr' id='par_1_15' title="bbox 665 1771 1699 1877">
     <span class='ocr_line' id='line_1_68' title="bbox 665 1771 1699 1823; baseline -0.001 -13"><span class='ocrx_word' id='word_1_276' title='bbox 665 1771 800 1810; x_wconf 86' lang='lat' dir='ltr'>Furcis</span> <span class='ocrx_word' id='word_1_277' title='bbox 829 1773 1041 1822; x_wconf 87' lang='lat' dir='ltr'>pendebat,</span> <span class='ocrx_word' id='word_1_278' title='bbox 1073 1785 1193 1823; x_wconf 90' lang='lat' dir='ltr'>quern</span> <span class='ocrx_word' id='word_1_279' title='bbox 1222 1772 1350 1823; x_wconf 90' lang='lat' dir='ltr'>primo</span> <span class='ocrx_word' id='word_1_280' title='bbox 1379 1780 1480 1812; x_wconf 90' lang='lat' dir='ltr'>terra</span> <span class='ocrx_word' id='word_1_281' title='bbox 1508 1771 1699 1819; x_wconf 88' lang='lat' dir='ltr'>trahebat,</span> 
     </span>
     <span class='ocr_line' id='line_1_69' title="bbox 666 1836 1611 1877; baseline 0 -2"><span class='ocrx_word' id='word_1_282' title='bbox 666 1838 797 1876; x_wconf 90' lang='lat' dir='ltr'>Ictum</span> <span class='ocrx_word' id='word_1_283' title='bbox 827 1836 883 1876; x_wconf 88' lang='lat' dir='ltr'>sic</span> <span class='ocrx_word' id='word_1_284' title='bbox 911 1837 1016 1876; x_wconf 88' lang='lat' dir='ltr'>ensis</span> <span class='ocrx_word' id='word_1_285' title='bbox 1045 1851 1128 1877; x_wconf 92' lang='lat' dir='ltr'>non</span> <span class='ocrx_word' id='word_1_286' title='bbox 1158 1838 1276 1876; x_wconf 87' lang='lat' dir='ltr'>sentit</span> <span class='ocrx_word' id='word_1_287' title='bbox 1306 1837 1611 1877; x_wconf 88' lang='lat' dir='ltr'>Londoniensis.</span> 
     </span>
    </p>

    <p class='ocr_par' dir='ltr' id='par_1_16' title="bbox 661 1903 1738 2146">
     <span class='ocr_line' id='line_1_70' title="bbox 719 1903 1637 1954; baseline 0 -13"><span class='ocrx_word' id='word_1_288' title='bbox 719 1904 767 1941; x_wconf 94' lang='lat' dir='ltr'>In</span> <span class='ocrx_word' id='word_1_289' title='bbox 797 1903 927 1942; x_wconf 89' lang='lat' dir='ltr'>banco</span> <span class='ocrx_word' id='word_1_290' title='bbox 956 1903 1055 1954; x_wconf 88' lang='lat' dir='ltr'>regis</span> <span class='ocrx_word' id='word_1_291' title='bbox 1085 1903 1153 1954; x_wconf 86' lang='lat' dir='ltr'>qui</span> <span class='ocrx_word' id='word_1_292' title='bbox 1181 1903 1296 1943; x_wconf 89' lang='lat' dir='ltr'>librat</span> <span class='ocrx_word' id='word_1_293' title='bbox 1324 1905 1503 1954; x_wconf 87' lang='lat' dir='ltr'>pondera</span> <span class='ocrx_word' id='word_1_294' title='bbox 1531 1903 1637 1954; x_wconf 86' lang='lat' dir='ltr'>legis,</span> 
     </span>
     <span class='ocr_line' id='line_1_71' title="bbox 663 1968 1615 2019; baseline 0 -13"><span class='ocrx_word' id='word_1_295' title='bbox 663 1969 835 2018; x_wconf 86' lang='lat' dir='ltr'>Iuraque</span> <span class='ocrx_word' id='word_1_296' title='bbox 863 1968 1062 2019; x_wconf 90' lang='lat' dir='ltr'>cognouit,</span> <span class='ocrx_word' id='word_1_297' title='bbox 1093 1968 1177 2007; x_wconf 89' lang='lat' dir='ltr'>aliis</span> <span class='ocrx_word' id='word_1_298' title='bbox 1206 1970 1294 2019; x_wconf 91' lang='lat' dir='ltr'>plus</span> <span class='ocrx_word' id='word_1_299' title='bbox 1323 1968 1407 2007; x_wconf 90' lang='lat' dir='ltr'>iura</span> <span class='ocrx_word' id='word_1_300' title='bbox 1435 1968 1615 2016; x_wconf 88' lang='lat' dir='ltr'>remouit,</span> 
     </span>
     <span class='ocr_line' id='line_1_72' title="bbox 662 2033 1738 2085; baseline -0.002 -11"><span class='ocrx_word' id='word_1_301' title='bbox 662 2033 947 2074; x_wconf 86' lang='lat' dir='ltr'>Cornubiensis</span> <span class='ocrx_word' id='word_1_302' title='bbox 977 2042 1081 2073; x_wconf 90' lang='lat' dir='ltr'>erat:</span> <span class='ocrx_word' id='word_1_303' title='bbox 1120 2034 1152 2072; x_wconf 90' lang='lat' dir='ltr'>si</span> <span class='ocrx_word' id='word_1_304' title='bbox 1181 2033 1268 2084; x_wconf 89' lang='lat' dir='ltr'>quis</span> <span class='ocrx_word' id='word_1_305' title='bbox 1298 2048 1368 2072; x_wconf 89' lang='lat' dir='ltr'>sua</span> <span class='ocrx_word' id='word_1_306' title='bbox 1396 2034 1561 2073; x_wconf 89' lang='lat' dir='ltr'>crimina</span> <span class='ocrx_word' id='word_1_307' title='bbox 1589 2040 1738 2085; x_wconf 86' lang='lat' dir='ltr'>querat,</span> 
     </span>
     <span class='ocr_line' id='line_1_73' title="bbox 661 2099 1549 2146; baseline 0.001 -9"><span class='ocrx_word' id='word_1_308' title='bbox 661 2099 777 2138; x_wconf 88' lang='lat' dir='ltr'>Peior</span> <span class='ocrx_word' id='word_1_309' title='bbox 805 2112 853 2137; x_wconf 90' lang='lat' dir='ltr'>eo</span> <span class='ocrx_word' id='word_1_310' title='bbox 883 2101 1024 2146; x_wconf 88' lang='lat' dir='ltr'>nullus,</span> <span class='ocrx_word' id='word_1_311' title='bbox 1055 2113 1130 2138; x_wconf 92' lang='lat' dir='ltr'>nec</span> <span class='ocrx_word' id='word_1_312' title='bbox 1160 2113 1208 2138; x_wconf 95' lang='lat' dir='ltr'>eo</span> <span class='ocrx_word' id='word_1_313' title='bbox 1236 2099 1411 2138; x_wconf 87' lang='lat' dir='ltr'>fallacior</span> <span class='ocrx_word' id='word_1_314' title='bbox 1438 2101 1549 2138; x_wconf 90' lang='lat' dir='ltr'>vllus.</span> 
     </span>
    </p>

    <p class='ocr_par' dir='ltr' id='par_1_17' title="bbox 660 2164 1764 2473">
     <span class='ocr_line' id='line_1_74' title="bbox 662 2164 1736 2216; baseline 0 -13"><span class='ocrx_word' id='word_1_315' title='bbox 662 2164 744 2203; x_wconf 92' lang='lat' dir='ltr'>Hic</span> <span class='ocrx_word' id='word_1_316' title='bbox 773 2166 900 2203; x_wconf 91' lang='lat' dir='ltr'>scelus</span> <span class='ocrx_word' id='word_1_317' title='bbox 929 2164 1087 2214; x_wconf 88' lang='lat' dir='ltr'>instigat</span> <span class='ocrx_word' id='word_1_318' title='bbox 1116 2178 1307 2215; x_wconf 89' lang='lat' dir='ltr'>proceres,</span> <span class='ocrx_word' id='word_1_319' title='bbox 1339 2178 1438 2215; x_wconf 90' lang='lat' dir='ltr'>quos</span> <span class='ocrx_word' id='word_1_320' title='bbox 1469 2178 1562 2216; x_wconf 92' lang='lat' dir='ltr'>sepe</span> <span class='ocrx_word' id='word_1_321' title='bbox 1590 2165 1736 2215; x_wconf 87' lang='lat' dir='ltr'>fatigat,</span> 
     </span>
     <span class='ocr_line' id='line_1_75' title="bbox 660 2229 1668 2280; baseline 0.001 -13"><span class='ocrx_word' id='word_1_322' title='bbox 660 2231 780 2268; x_wconf 89' lang='lat' dir='ltr'>Vnde</span> <span class='ocrx_word' id='word_1_323' title='bbox 808 2229 990 2280; x_wconf 88' lang='lat' dir='ltr'>fatigatus</span> <span class='ocrx_word' id='word_1_324' title='bbox 1020 2231 1182 2268; x_wconf 89' lang='lat' dir='ltr'>tandem</span> <span class='ocrx_word' id='word_1_325' title='bbox 1211 2229 1310 2280; x_wconf 90' lang='lat' dir='ltr'>perit</span> <span class='ocrx_word' id='word_1_326' title='bbox 1339 2230 1404 2268; x_wconf 91' lang='lat' dir='ltr'>hic</span> <span class='ocrx_word' id='word_1_327' title='bbox 1434 2232 1668 2268; x_wconf 89' lang='lat' dir='ltr'>sceleratus:</span> 
     </span>
     <span class='ocr_line' id='line_1_76' title="bbox 663 2294 1764 2345; baseline -0.002 -10"><span class='ocrx_word' id='word_1_328' title='bbox 663 2294 839 2335; x_wconf 88' lang='lat' dir='ltr'>Crimine</span> <span class='ocrx_word' id='word_1_329' title='bbox 869 2302 1068 2345; x_wconf 88' lang='lat' dir='ltr'>prestante</span> <span class='ocrx_word' id='word_1_330' title='bbox 1097 2308 1214 2344; x_wconf 89' lang='lat' dir='ltr'>super</span> <span class='ocrx_word' id='word_1_331' title='bbox 1243 2296 1320 2334; x_wconf 91' lang='lat' dir='ltr'>hoc</span> <span class='ocrx_word' id='word_1_332' title='bbox 1349 2296 1459 2345; x_wconf 86' lang='lat' dir='ltr'>quod</span> <span class='ocrx_word' id='word_1_333' title='bbox 1488 2297 1633 2333; x_wconf 87' lang='lat' dir='ltr'>fecerat</span> <span class='ocrx_word' id='word_1_334' title='bbox 1661 2302 1764 2343; x_wconf 90' lang='lat' dir='ltr'>ante,</span> 
     </span>
     <span class='ocr_line' id='line_1_77' title="bbox 661 2359 1687 2409; baseline 0 -11"><span class='ocrx_word' id='word_1_335' title='bbox 661 2361 726 2399; x_wconf 91' lang='lat' dir='ltr'>Ad</span> <span class='ocrx_word' id='word_1_336' title='bbox 756 2361 883 2398; x_wconf 89' lang='lat' dir='ltr'>furcas</span> <span class='ocrx_word' id='word_1_337' title='bbox 913 2367 1058 2398; x_wconf 87' lang='lat' dir='ltr'>tractus</span> <span class='ocrx_word' id='word_1_338' title='bbox 1089 2360 1131 2397; x_wconf 87' lang='lat' dir='ltr'>fit</span> <span class='ocrx_word' id='word_1_339' title='bbox 1160 2359 1215 2397; x_wconf 92' lang='lat' dir='ltr'>ibi</span> <span class='ocrx_word' id='word_1_340' title='bbox 1244 2361 1459 2409; x_wconf 91' lang='lat' dir='ltr'>pendendo</span> <span class='ocrx_word' id='word_1_341' title='bbox 1489 2360 1687 2398; x_wconf 87' lang='lat' dir='ltr'>subactus.</span> 
     </span>
     <span class='ocr_line' id='line_1_78' title="bbox 662 2424 1683 2473; baseline -0.001 -9"><span class='ocrx_word' id='word_1_342' title='bbox 662 2427 842 2464; x_wconf 90' lang='lat' dir='ltr'>Pendula</span> <span class='ocrx_word' id='word_1_343' title='bbox 870 2439 952 2464; x_wconf 88' lang='lat' dir='ltr'>sors</span> <span class='ocrx_word' id='word_1_344' title='bbox 982 2424 1099 2463; x_wconf 89' lang='lat' dir='ltr'>tristis</span> <span class='ocrx_word' id='word_1_345' title='bbox 1129 2424 1388 2463; x_wconf 89' lang='lat' dir='ltr'>morientibus</span> <span class='ocrx_word' id='word_1_346' title='bbox 1416 2424 1561 2464; x_wconf 85' lang='lat' dir='ltr'>accidit</span> <span class='ocrx_word' id='word_1_347' title='bbox 1589 2425 1683 2473; x_wconf 89' lang='lat' dir='ltr'>istis,</span> 
     </span>
    </p>

    <p class='ocr_par' dir='ltr' id='par_1_18' title="bbox 662 2489 1702 2540">
     <span class='ocr_line' id='line_1_79' title="bbox 662 2489 1702 2540; baseline -0.002 -10"><span class='ocrx_word' id='word_1_348' title='bbox 662 2492 711 2530; x_wconf 87' lang='lat' dir='ltr'>In</span> <span class='ocrx_word' id='word_1_349' title='bbox 741 2491 924 2529; x_wconf 90' lang='lat' dir='ltr'>manibus</span> <span class='ocrx_word' id='word_1_350' title='bbox 953 2503 1122 2540; x_wconf 86' lang='lat' dir='ltr'>quorum</span> <span class='ocrx_word' id='word_1_351' title='bbox 1151 2490 1380 2540; x_wconf 89' lang='lat' dir='ltr'>pendebant</span> <span class='ocrx_word' id='word_1_352' title='bbox 1408 2489 1492 2528; x_wconf 85' lang='lat' dir='ltr'>iura</span> <span class='ocrx_word' id='word_1_353' title='bbox 1519 2490 1702 2529; x_wconf 85' lang='lat' dir='ltr'>virorum.</span> 
     </span>
    </p>

    <p class='ocr_par' dir='ltr' id='par_1_19' title="bbox 717 2554 1698 2606">
     <span class='ocr_line' id='line_1_80' title="bbox 717 2554 1698 2606; baseline 0 -12"><span class='ocrx_word' id='word_1_354' title='bbox 717 2556 922 2595; x_wconf 87' lang='lat' dir='ltr'>Iudicibus</span> <span class='ocrx_word' id='word_1_355' title='bbox 952 2555 1110 2606; x_wconf 86' lang='lat' dir='ltr'>reliquis</span> <span class='ocrx_word' id='word_1_356' title='bbox 1139 2554 1324 2604; x_wconf 86' lang='lat' dir='ltr'>falsisque</span> <span class='ocrx_word' id='word_1_357' title='bbox 1354 2554 1522 2593; x_wconf 89' lang='lat' dir='ltr'>scienter</span> <span class='ocrx_word' id='word_1_358' title='bbox 1549 2555 1698 2604; x_wconf 88' lang='lat' dir='ltr'>amicis,</span> 
     </span>
    </p>

    <p class='ocr_par' dir='ltr' id='par_1_20' title="bbox 659 2619 1798 2801">
     <span class='ocr_line' id='line_1_81' title="bbox 660 2619 1628 2672; baseline -0.001 -12"><span class='ocrx_word' id='word_1_359' title='bbox 660 2623 714 2660; x_wconf 88' lang='lat' dir='ltr'>Vt</span> <span class='ocrx_word' id='word_1_360' title='bbox 743 2629 850 2672; x_wconf 88' lang='lat' dir='ltr'>patet</span> <span class='ocrx_word' id='word_1_361' title='bbox 878 2628 970 2660; x_wconf 90' lang='lat' dir='ltr'>ante</span> <span class='ocrx_word' id='word_1_362' title='bbox 999 2628 1104 2668; x_wconf 84' lang='lat' dir='ltr'>nota,</span> <span class='ocrx_word' id='word_1_363' title='bbox 1136 2621 1357 2658; x_wconf 89' lang='lat' dir='ltr'>conclamat</span> <span class='ocrx_word' id='word_1_364' title='bbox 1386 2619 1493 2658; x_wconf 87' lang='lat' dir='ltr'>curia</span> <span class='ocrx_word' id='word_1_365' title='bbox 1521 2628 1628 2659; x_wconf 86' lang='lat' dir='ltr'>tota:</span> 
     </span>
     <span class='ocr_line' id='line_1_82' title="bbox 659 2685 1640 2736; baseline 0 -12"><span class='ocrx_word' id='word_1_366' title='bbox 659 2687 775 2733; x_wconf 89' lang='lat' dir='ltr'>Vrbs,</span> <span class='ocrx_word' id='word_1_367' title='bbox 806 2699 896 2736; x_wconf 88' lang='lat' dir='ltr'>ager</span> <span class='ocrx_word' id='word_1_368' title='bbox 925 2693 963 2724; x_wconf 89' lang='lat' dir='ltr'>et</span> <span class='ocrx_word' id='word_1_369' title='bbox 992 2685 1083 2724; x_wconf 90' lang='lat' dir='ltr'>villa</span> <span class='ocrx_word' id='word_1_370' title='bbox 1112 2687 1349 2724; x_wconf 86' lang='lat' dir='ltr'>damnarunt</span> <span class='ocrx_word' id='word_1_371' title='bbox 1378 2686 1474 2723; x_wconf 85' lang='lat' dir='ltr'>falsa</span> <span class='ocrx_word' id='word_1_372' title='bbox 1504 2685 1640 2736; x_wconf 90' lang='lat' dir='ltr'>sigilla,</span> 
     </span>
     <span class='ocr_line' id='line_1_83' title="bbox 661 2749 1798 2801; baseline 0 -11"><span class='ocrx_word' id='word_1_373' title='bbox 661 2752 751 2799; x_wconf 89' lang='lat' dir='ltr'>Que</span> <span class='ocrx_word' id='word_1_374' title='bbox 780 2752 972 2790; x_wconf 88' lang='lat' dir='ltr'>dederant</span> <span class='ocrx_word' id='word_1_375' title='bbox 1001 2764 1161 2789; x_wconf 89' lang='lat' dir='ltr'>causam</span> <span class='ocrx_word' id='word_1_376' title='bbox 1190 2749 1345 2789; x_wconf 91' lang='lat' dir='ltr'>sceleris</span> <span class='ocrx_word' id='word_1_377' title='bbox 1375 2750 1465 2801; x_wconf 89' lang='lat' dir='ltr'>regi,</span> <span class='ocrx_word' id='word_1_378' title='bbox 1498 2751 1620 2801; x_wconf 86' lang='lat' dir='ltr'>magis</span> <span class='ocrx_word' id='word_1_379' title='bbox 1649 2764 1798 2790; x_wconf 88' lang='lat' dir='ltr'>ansam.</span> 
     </span>
    </p>
   </div>
   <div class='ocr_carea' id='block_1_11' title="bbox 947 2837 1674 2931">
    <p class='ocr_par' dir='ltr' id='par_1_21' title="bbox 947 2837 1674 2931">
     <span class='ocr_line' id='line_1_84' title="bbox 1234 2837 1674 2879; baseline 0.009 -13"><span class='ocrx_word' id='word_1_380' title='bbox 1234 2838 1292 2867; x_wconf 89' lang='lat'>161</span> <span class='ocrx_word' id='word_1_381' title='bbox 1320 2838 1453 2879; x_wconf 82' lang='lat' dir='ltr'>margin</span> <span class='ocrx_word' id='word_1_382' title='bbox 1478 2837 1534 2878; x_wconf 90' lang='lat' dir='ltr'>qui</span> <span class='ocrx_word' id='word_1_383' title='bbox 1558 2849 1624 2870; x_wconf 88' lang='lat' dir='ltr'>om.</span> <span class='ocrx_word' id='word_1_384' title='bbox 1650 2838 1674 2870; x_wconf 88' lang='lat' dir='ltr'>S</span> 
     </span>
     <span class='ocr_line' id='line_1_85' title="bbox 947 2888 1333 2931; baseline 0.003 -11"><span class='ocrx_word' id='word_1_385' title='bbox 947 2899 1008 2929; x_wconf 83' lang='lat'>173</span> <span class='ocrx_word' id='word_1_386' title='bbox 1033 2900 1149 2921; x_wconf 90' lang='lat' dir='ltr'>ausam</span> <span class='ocrx_word' id='word_1_387' title='bbox 1167 2890 1210 2931; x_wconf 67' lang='grc' dir='ltr'>(ἲ)</span> <span class='ocrx_word' id='word_1_388' title='bbox 1229 2888 1333 2921; x_wconf 89' lang='lat' dir='ltr'>MSS.</span> 
     </span>
    </p>
   </div>
   <div class='ocr_carea' id='block_1_12' title="bbox 1971 609 2033 641">
    <p class='ocr_par' dir='ltr' id='par_1_22' title="bbox 1971 609 2033 641">
     <span class='ocr_line' id='line_1_86' title="bbox 1971 609 2033 641; baseline 0 -10"><span class='ocrx_word' id='word_1_389' title='bbox 1971 609 2033 641; x_wconf 77' lang='lat'>140</span> 
     </span>
    </p>
   </div>
   <div class='ocr_carea' id='block_1_13' title="bbox 1969 1264 2030 1296">
    <p class='ocr_par' dir='ltr' id='par_1_23' title="bbox 1969 1264 2030 1296">
     <span class='ocr_line' id='line_1_87' title="bbox 1969 1264 2030 1296; baseline 0.016 -10"><span class='ocrx_word' id='word_1_390' title='bbox 1969 1264 2030 1296; x_wconf 84' lang='lat'>150</span> 
     </span>
    </p>
   </div>
   <div class='ocr_carea' id='block_1_14' title="bbox 1963 1908 2027 1939">
    <p class='ocr_par' dir='ltr' id='par_1_24' title="bbox 1963 1908 2027 1939">
     <span class='ocr_line' id='line_1_88' title="bbox 1963 1908 2027 1939; baseline 0 0"><span class='ocrx_word' id='word_1_391' title='bbox 1963 1908 2027 1939; x_wconf 92' lang='lat'>160</span> 
     </span>
    </p>
   </div>
   <div class='ocr_carea' id='block_1_15' title="bbox 1801 2838 2018 2879">
    <p class='ocr_par' dir='ltr' id='par_1_25' title="bbox 1801 2838 2018 2879">
     <span class='ocr_line' id='line_1_89' title="bbox 1801 2838 2018 2879; baseline 0 -10"><span class='ocrx_word' id='word_1_392' title='bbox 1801 2848 1863 2878; x_wconf 89' lang='lat'>170</span> <span class='ocrx_word' id='word_1_393' title='bbox 1886 2838 2018 2879; x_wconf 90' lang='lat' dir='ltr'>amicis]</span> 
     </span>
    </p>
   </div>
  </div>
 </body>
</html>
