2095 3173
435 260 516 299 310

490 2881 571 2919 1380
596 2881 638 2912 Et
655 2881 755 2921 lupus
773 2883 900 2913 SHDI:
949 2883 1067 2915 Pastor
1083 2888 1117 2915 et
1135 2883 1194 2915 CG
1211 2883 1308 2924 (ra-5.)
1358 2884 1475 2924 Lupus
1492 2890 1526 2916 et
1540 2884 1566 2915 E

909 246 1040 288 VOX
1080 245 1439 288 CLAMANTIS

546 354 596 392 Et
626 353 731 392 velut
761 353 893 398 vrtica‚
926 363 1003 401 que
1032 351 1133 389 solet
1163 363 1248 389 esse
1278 363 1391 389 rosa:

546 420 637 467 Que
665 418 789 456 fuerat
818 417 964 466 pulcra,
996 416 1107 466 quasi
1137 424 1357 454 monstrum
1387 423 1462 455 stat
1490 423 1693 466 reputata3

545 485 607 522 Fit
637 490 755 532 caput
785 482 825 519 in
855 482 1034 529 caudam,
1067 482 1123 520 sic
1151 482 1239 520 terit
1269 482 1398 519 omnis
1428 494 1530 520 eam.

545 549 740 588 Scandala
770 548 860 586 feda
888 548 988 597 parit
1018 547 1173 585 nouiter
1201 554 1440 597 transgressa
1469 559 1652 594 nouerca,

545 614 687 654 Omnis
717 626 795 663 que
823 613 950 652 laudis
980 619 1105 651 mater
1133 620 1171 651 et
1201 613 1345 662 hospes
1375 620 1482 652 erat:

545 681 637 728 Que
666 679 738 717 fuit
767 679 944 728 angelica
973 691 1109 728 nuper,
1142 691 1248 716 nunc
1277 679 1444 728 angulus
1474 686 1590 723 extat,

545 747 725 794 Languet
755 752 793 782 et
823 745 863 782 in
893 744 1066 782 tenebris
1096 744 1212 782 sorde
1241 756 1418 793 repressa
1446 745 1582 794 magis.

546 811 685 858 Patria,
718 823 837 860 quarn
868 811 1013 847 famam
1044 810 1182 848 dicunt
1212 809 1399 848 habuisse
1429 822 1614 856 sororem,

546 877 617 914 Est
647 876 770 926 magis
799 876 957 914 infamis
987 874 1174 917 omnibus
1204 875 1289 924 ipsa
1318 875 1442 914 locis:

546 943 639 991 Que
667 942 792 980 fuerat
820 941 940 991 digne
970 953 1087 990 super
1115 953 1255 979 omnes
1286 941 1426 979 celsior
1455 940 1562 988 orbe,

547 1008 666 1046 Nunc
696 1007 794 1046 deus
824 1014 882 1045 est
906 1006 1011 1054 alibi,
1043 1006 1225 1044 subditur
1254 1006 1338 1055 ipsa
1368 1007 1504 1056 quasi:

547 1073 700 1112 Ordine
729 1073 955 1123 retrogrado
985 1072 1176 1122 quicquid
1206 1071 1280 1110 sibi
1309 1072 1437 1110 laudis
1466 1071 1639 1111 habebat

548 1138 678 1184 Cedit,
710 1144 748 1176 et
777 1136 970 1176 instabilis
999 1138 1176 1187 vndique
1205 1143 1335 1187 spreta
1364 1138 1478 1175 iacet.

546 1204 678 1241 Firma
707 1210 854 1251 mouet,
885 1203 961 1241 ruit
989 1203 1077 1251 alta,
1109 1203 1197 1241 terit
1226 1203 1348 1241 modo
1377 1203 1498 1241 forcia
1527 1203 1676 1241 discors

547 1269 677 1316 Error,
709 1275 747 1308 et
776 1269 983 1306 innumera
1013 1267 1157 1318 spergit
1186 1268 1333 1318 vbique
1362 1269 1488 1307 mala:

546 1335 796 1384 Torpescunt
823 1347 1016 1384 proceres,
1047 1334 1173 1372 clerus
1202 1335 1444 1382 dissoluitur,
1471 1333 1586 1372 vrbes

547 1400 799 1447 Discordant‚
831 1400 937 1449 leges
966 1406 1057 1437 sunt
1087 1400 1171 1438 sine
1201 1400 1283 1438 iure
1311 1412 1475 1449 graues:

546 1466 771 1503 Murmurat
799 1464 1018 1503 indomitus
1048 1465 1198 1514 vulgus,
1230 1466 1449 1503 concrescit
1478 1465 1622 1504 abvsus

546 1531 705 1569 Peccati
736 1530 903 1578 solitus3
943 1530 998 1567 sic
1028 1530 1136 1568 dolet
1165 1530 1295 1568 omnis
1326 1531 1483 1568 humus.

547 1595 659 1632 Hinc
688 1601 785 1644 puto
815 1595 924 1644 quod
954 1595 1055 1633 seuit
1084 1607 1154 1644 pes
1183 1601 1331 1633 terreus
1361 1596 1401 1632 in
1431 1603 1549 1645 caput
1578 1596 1672 1643 auri,

548 1661 600 1698 Et
629 1661 745 1709 lupus
773 1672 965 1710 agnorum
994 1672 1142 1698 cornua
1171 1673 1271 1698 vana
1299 1661 1422 1699 timet.

550 1726 599 1764 In
628 1726 776 1764 meritis
805 1726 1013 1763 hominum
1043 1725 1172 1763 solum
1202 1726 1300 1764 deus
1330 1726 1469 1775 aspicit
1499 1726 1648 1773 orbem,

547 1791 599 1829 Et
628 1804 697 1829 sua
727 1791 778 1830 de
808 1791 912 1829 facto
941 1798 1119 1840 tempora
1149 1798 1283 1829 causat
1313 1792 1448 1830 homo.

602 1895 638 1934 O
669 1896 808 1934 sterilis
837 1902 938 1934 terra
967 1908 1136 1943 morum,
1168 1896 1253 1934 sani
1283 1896 1442 1934 viduata

545 1961 725 2009 Consilii,
757 1961 839 1999 lesa
869 1973 943 1999 nec
974 1961 1227 2000 medicamen
1256 1962 1421 2010 habens,

548 2026 624 2063 Dic
654 2026 720 2064 vbi
749 2026 907 2064 fortuna
935 2026 1060 2064 latitat
1090 2027 1224 2075 modo,
1256 2040 1334 2076 qua
1363 2027 1574 2077 reputabas

547 2092 685 2141 Nuper
714 2090 754 2128 in
784 2092 880 2130 orbe
909 2098 1021 2130 tuum
1052 2104 1134 2130 non
1163 2092 1349 2131 habuisse
1378 2106 1524 2142 parem.

547 2157 587 2194 Si
618 2157 804 2194 Lachesis
836 2163 981 2195 sortem
1011 2156 1083 2195 tibi
1113 2157 1279 2195 contulit
1311 2171 1395 2196 esse
1425 2159 1617 2204 dolosam,

548 2221 632 2259 Iam
663 2222 769 2260 venit
798 2221 882 2271 ipsa
910 2223 966 2259 tui
997 2223 1198 2261 reddere
1227 2231 1341 2272 pacta
1371 2224 1478 2262 doli:

549 2287 667 2324 Nunc
696 2287 896 2336 palletque
925 2287 1001 2324 tuis
1032 2286 1150 2336 nigris
1182 2289 1334 2325 Aurora
1364 2289 1538 2335 venenis,

548 2352 673 2391 Cuius
703 2352 769 2389 lux
797 2351 882 2389 aliis
911 2352 1017 2390 fulsit
1050 2353 1089 2389 in
1120 2352 1215 2390 orbe
1245 2353 1393 2402 magis;

549 2418 750 2467 Nuncque
779 2416 994 2455 iuuentutis
1024 2418 1096 2455 flos
1127 2430 1204 2467 que
1234 2417 1305 2455 tibi
1335 2417 1458 2456 creuit
1487 2417 1676 2457 habunde

548 2483 654 2529 Aret,
687 2490 726 2521 et
756 2495 778 2520 a
807 2481 916 2521 viciis
946 2483 1161 2521 inveterata
1190 2483 1292 2532 peris
1307 2497 1317 2531 3

550 2547 739 2597 Fedaque
769 2560 875 2585 nunc
905 2548 1086 2595 volucris,
1118 2548 1271 2586 venturi
1302 2548 1448 2585 nuncia
1477 2549 1616 2596 luctus,

549 2612 736 2650 Concinit
767 2613 805 2650 in
838 2613 925 2651 fatis
954 2612 1066 2651 bubo
1095 2613 1288 2662 propheta
1318 2613 1406 2650 tuis.

547 2676 628 2715 Scit
657 2678 754 2716 deus
784 2678 887 2716 hanc
916 2691 1075 2716 causam
1104 2678 1310 2728 specialius
1340 2691 1426 2716 esse
1454 2679 1682 2725 notandam,

551 2742 642 2789 Qua
671 2742 782 2780 locus
812 2744 885 2782 iste
914 2744 1036 2782 modo
1065 2744 1183 2782 distat
1212 2743 1363 2781 honore
1393 2756 1491 2782 suo:

550 2807 644 2844 Hoc
674 2808 767 2855 scio,
800 2809 910 2858 quod
939 2809 1092 2847 cunctis
1121 2809 1232 2847 locus
1262 2809 1301 2846 in
1332 2803 1543 2858 prouerbia
1571 2809 1722 2856 crescit,

444 2931 570 2963 SEHG
616 2933 752 2965 soluere
770 2934 893 2965 CDLT

1823 357 1909 397 1360

1826 1022 1912 1055 1370

1827 1670 1911 1709 1380

1824 2369 1911 2402 1390

1659 2885 1743 2924 1388
1767 2886 1910 2917 reddere
