2912 4368
869 818 1055 857 LIBER
1098 817 1398 866 QUARTUS

509 924 600 960 Non
632 924 721 961 licet
752 936 843 972 ergo
874 923 962 960 viris
994 923 1208 960 monachas
1239 923 1382 960 violare
1413 930 1590 971 sacratas,

507 990 648 1026 X'elum
681 1001 851 1037 namque
882 1001 1034 1025 sacrum
1066 989 1174 1037 signa
1205 988 1348 1036 pudica
1377 988 1485 1035 gerit.

508 1055 680 1091 Alterius
711 1067 896 1102 sponsam
929 1066 1159 1101 presumens
1191 1054 1401 1099 deuiolare‚

508 1120 639 1167 Quam
670 1132 787 1167 graue
818 1119 971 1155 iudiciis
1002 1126 1196 1166 perpetrat
1228 1118 1309 1166 ipse
1340 1131 1376 1154 sc
1400 1123 1490 1157 ,31

508 1185 636 1222 Crede
665 1192 797 1221 tamen
828 1184 982 1232 grauius
1014 1190 1162 1231 peccat,
1196 1184 1262 1231 qui
1294 1184 1461 1222 claustra
1492 1184 1692 1223 resoluens

508 1249 699 1286 Presumit
731 1260 916 1297 sponsam
947 1248 1147 1285 deuiolare
1178 1248 1252 1285 dei.

442 1392 667 1435 Postquam
694 1392 897 1426 tractauit
925 1392 972 1425 de
1002 1391 1086 1425 illis
1117 1391 1185 1434 qui
1214 1392 1256 1424 in
1284 1392 1486 1434 religione
1514 1392 1778 1435 possessoria
1805 1394 1867 1425 sui

399 1451 556 1484 ordinis
583 1450 888 1494 professionem
916 1451 1143 1491 offendunt,
1176 1450 1391 1484 dicendum
1419 1452 1483 1484 est
1510 1451 1593 1483 iam
1619 1451 1667 1484 de
1692 1450 1774 1484 hiis
1802 1451 1869 1493 qui

396 1511 539 1543 errant
557 1509 601 1542 in
620 1509 764 1543 ordine
788 1509 967 1542 fratrum
993 1509 1345 1547 mendicanciun13
1371 1511 1412 1543 et
1439 1508 1570 1551 primo
1596 1509 1704 1542 dicet
1721 1509 1769 1542 Ce
1786 1509 1868 1542 illis

399 1568 464 1610 qui
499 1568 574 1601 sub
608 1568 702 1602 ficte
737 1568 1001 1611 paupertatis
1036 1568 1185 1601 vmbra
1215 1570 1383 1601 terrena
1416 1568 1531 1601 lucra
1564 1568 1869 1609 conspirantes,

398 1627 518 1669 quasi
536 1626 670 1661 tocius
688 1627 829 1660 mundi
849 1627 1075 1660 dominium
1096 1626 1384 1669 subiugarunt.

250 1710 376 1757 (kipffl.
403 1708 474 1745 xvi.
563 1709 669 1744 Dum
703 1709 771 1744 suit
804 1708 841 1744 in
875 1708 996 1753 terris,
1030 1720 1109 1744 non
1142 1719 1280 1744 omnes
1311 1719 1409 1755 quos
1442 1706 1514 1743 sibi
1546 1706 1635 1755 legit

508 1773 671 1819 Cristus,
706 1780 814 1810 erant
846 1773 924 1818 fidi,
958 1773 1042 1821 lege
1073 1780 1246 1808 nouante
1277 1772 1364 1808 dei:

509 1839 601 1875 Non
633 1844 766 1874 tamen
798 1844 857 1874 est
888 1850 1020 1885 equm,
1053 1837 1161 1884 quod
1193 1837 1341 1873 crimen
1373 1836 1652 1884 preuaricantis

508 1904 631 1941 Ledat
663 1916 729 1940 eos
761 1910 905 1940 rectam
938 1902 1002 1950 qui
1035 1902 1190 1938 coluere
1223 1902 1352 1938 sidem.
1804 1906 1865 1937 ὣς

506 1969 569 2006 Sic
600 1969 736 2006 sterilis
768 1969 876 2005 locus
907 1975 964 2005 est
996 1967 1136 2007 nullus,
1169 1967 1276 2015 quod
1308 1979 1388 2003 non
1421 1967 1467 2003 sit
1499 1966 1536 2002 in
1569 1966 1635 2003 illo

507 2034 633 2070 Mixta
664 2033 878 2081 reprobatis
909 2033 1009 2069 vulis
1041 2032 1162 2069 herba
1192 2032 1329 2077 malis3

506 2099 592 2135 Nec
624 2098 816 2135 secundus
848 2098 899 2134 ita
931 2099 1040 2134 Iocus
1073 2105 1142 2143 est,
1176 2109 1255 2145 quo
1286 2109 1366 2133 non
1398 2095 1607 2145 reprobata

508 2164 633 2200 Mixta
664 2164 711 2201 sit
742 2164 900 2200 vtilibus
931 2163 1051 2201 herba
1082 2163 1224 2200 nociua
1256 2162 1392 2200 bonis:

507 2230 606 2265 Tam
639 2241 768 2277 neque
799 2229 989 2265 iustorum
1021 2235 1094 2265 stat
1125 2228 1265 2265 concio
1296 2228 1372 2264 lata
1402 2227 1583 2273 virorum,

507 2294 578 2331 Est
608 2294 751 2343 quibus
783 2294 914 2331 iniusti
946 2294 1081 2331 mixtio
1112 2294 1217 2330 nulla
1248 2293 1326 2330 viri.

509 2360 571 2396 Sic
602 2359 861 2403 excusandos
893 2371 992 2406 quos
1023 2366 1180 2395 sanctos
1212 2356 1402 2405 approbat
1434 2356 1542 2403 ordo,

510 2426 660 2461 Fratres
692 2424 885 2461 consimili
918 2425 999 2460 iure
1030 2424 1171 2460 fatetur
1202 2436 1325 2471 opus:

509 2490 601 2526 Non
632 2490 721 2526 volo
751 2501 821 2537 pro
852 2489 985 2537 paucis
1017 2488 1237 2525 diffundere
1268 2488 1416 2523 crimen
1449 2487 1486 2522 in
1518 2499 1670 2532 omnes,

508 2555 714 2603 Spectetur
745 2554 892 2591 meritis
924 2552 1089 2602 quilibet
1121 2553 1243 2589 immo
1273 2553 1379 2597 suis;
1807 2558 1872 2599 690

510 2621 622 2667 Quos
653 2626 785 2656 tamen
817 2631 919 2656 error
950 2619 1038 2666 agit,
1072 2618 1233 2655 veniens
1265 2630 1337 2665 ego
1369 2617 1535 2653 nuncius
1568 2617 1651 2662 illis,

508 2686 599 2733 Que
629 2685 747 2721 michi
778 2697 851 2721 vox
882 2684 1017 2721 tribuit
1048 2682 1165 2721 verba
1196 2683 1396 2731 loquenda
1427 2683 1518 2719 fero.

510 2751 617 2787 Sicut
648 2757 778 2798 pastor
808 2762 913 2796 oues,
948 2749 1002 2786 sic
1033 2755 1207 2797 segregat
1238 2748 1343 2785 istud
1373 2746 1423 2784 ab
1454 2747 1538 2784 edis

510 2816 623 2863 Quos
653 2828 751 2863 opus
781 2828 803 2851 a
833 2814 1008 2863 reprobis
1039 2815 1201 2851 senserit
1233 2814 1330 2850 ordo
1361 2812 1530 2861 probos:

512 2884 600 2927 Que
631 2880 752 2928 magis
783 2880 897 2916 huius
929 2880 1048 2916 habet
1079 2879 1184 2916 vocis
1217 2879 1417 2915 sentencia
1449 2877 1617 2915 scribam

511 2946 600 2982 Hiis
631 2958 730 2994 quos
760 2953 1019 2993 transgressos
1049 2946 1135 2993 plus
1168 2951 1276 2981 notat
1307 2944 1404 2981 ordo
1436 2956 1531 2980 reos.

510 3011 686 3049 Crimina
716 3023 793 3058 que
825 3011 944 3047 Iudas
975 3011 1172 3047 commisit
1204 3021 1350 3057 ponere
1383 3010 1498 3045 Petro

509 3076 624 3119 Noio,
658 3076 752 3112 ferat
783 3076 982 3124 proprium
1014 3075 1171 3123 pondus
1202 3081 1364 3121 vterque
1396 3085 1522 3109 suum⁴

510 3140 670 3177 Ordinis
701 3141 827 3177 officia
857 3142 979 3177 fateor
1010 3141 1123 3188 primi
1154 3140 1235 3176 sore
1267 3145 1414 3184 sancta,

512 3206 606 3242 Eius
638 3212 674 3242 et
704 3213 882 3242 auctores
913 3205 1090 3253 primitus
1122 3217 1206 3242 esse
1237 3204 1350 3251 pios;
1809 3218 1871 3249 7oe

515 3272 602 3307 Hos
634 3270 698 3318 qui
733 3271 986 3318 consequitur
1016 3270 1130 3306 frater
1161 3276 1292 3305 manet
1326 3268 1388 3304 ille
1420 3267 1570 3313 beatus,

512 3336 590 3382 Qui
623 3335 815 3372 mundum
847 3348 1015 3372 renuens
1046 3335 1172 3383 querit
1204 3332 1348 3370 habere
1379 3332 1508 3377 deum,

513 3401 591 3448 (gui
623 3400 696 3437 sibi
727 3401 952 3448 pauperiem
984 3400 1197 3437 claustralis
1228 3398 1400 3446 adoptat,
1433 3405 1470 3434 et
1501 3398 1600 3435 vitro

517 3468 633 3503 Hanc
663 3465 769 3514 gerit,
803 3472 840 3503 et
871 3466 1028 3514 paciens
1059 3465 1206 3504 ordinis
1237 3472 1321 3501 acta
1353 3462 1479 3501 subit:
