2095 3173
430 254 505 282 102
575 233 579 237 ’
899 242 1028 284 VOX
1070 241 1429 284 CLAMANTIS

471 718 549 752 Hic
567 718 668 754 dicit
685 718 806 762 quod,
825 728 960 762 exquo
978 729 1065 753 non
1083 730 1109 754 a
1125 719 1309 759 fortuna,
1329 720 1395 754 set
1412 717 1575 753 meritis
1599 719 1642 753 et
1668 717 1894 758 demeritis,

426 788 476 812 ea
495 788 572 821 que
591 788 671 812 nos
692 778 736 811 in
759 778 913 813 mundo
939 787 1144 822 prospera
1170 780 1213 812 et
1239 777 1421 812 aduersa
1446 786 1652 811 vocamus
1676 776 1804 820 digno
1830 775 1896 810 dei

424 836 574 870 iudicio
589 836 825 871 hominibus
843 837 1106 880 contingunt,
1120 836 1302 871 intendit
1321 837 1625 879 consequenter
1643 835 1827 869 scribere
1845 833 1894 869 de

425 896 543 929 statu
568 895 793 935 hominum,
818 895 998 939 qualiter
1024 905 1070 930 se
1097 895 1150 929 ad
1176 904 1351 939 presens
1376 894 1548 934 habent,
1567 893 1792 928 secundum
1817 893 1895 928 hoc

426 953 532 995 quod
551 963 624 997 per
642 954 878 998 sompnium
897 954 1086 998 superius
1105 953 1260 988 dietum
1278 952 1386 988 vidit
1405 954 1447 987 et
1466 952 1637 987 audiuit.

797 1096 960 1144 Incipit
989 1097 1209 1144 prologus
1238 1095 1342 1133 libri
1371 1095 1518 1133 tercii.

642 1214 710 1240 um
740 1201 848 1240 bona
877 1202 962 1241 siue
991 1203 1095 1240 mala
1123 1203 1173 1241 sit
1203 1200 1319 1240 nobis
1350 1213 1433 1239 sors
1463 1198 1675 1238 tribuenda

670 1267 731 1304 Ex
759 1267 924 1316 propriis
954 1267 1114 1314 meritis,
1146 1267 1221 1304 hiis
1251 1266 1374 1315 magis
1404 1265 1560 1314 hiisque
1589 1265 1731 1310 minus,

533 1333 595 1370 Fit
625 1331 846 1381 mundique
874 1339 996 1370 status
1025 1332 1066 1369 in
1096 1339 1172 1370 tres
1202 1332 1346 1371 diuisio
1375 1337 1516 1380 partes,

535 1396 735 1436 Omnibus
765 1397 870 1436 vnde
898 1397 989 1435 viris
1019 1403 1094 1436 stat
1124 1397 1236 1447 quasi
1266 1396 1380 1435 sortis
1412 1407 1523 1445 opus,

534 1463 584 1500 Et
615 1462 738 1500 modo
768 1474 838 1511 per
866 1462 966 1501 vicia
995 1463 1088 1512 quia
1117 1475 1201 1501 sors
1230 1462 1355 1512 magis
1384 1467 1485 1499 astat
1514 1460 1661 1510 iniqua,

535 1526 735 1565 Ponderet
764 1527 804 1564 in
833 1527 962 1565 causis
993 1527 1158 1577 quilibet
1186 1534 1275 1566 acta
1303 1527 1407 1565 suis:

536 1592 583 1629 In
614 1603 870 1641 quocumque
899 1592 1022 1641 gradu
1051 1593 1100 1630 sit
1129 1593 1263 1640 homo,
1295 1592 1475 1630 videatur
1504 1590 1544 1628 in
1574 1589 1670 1629 orbe

536 1657 628 1705 Que
657 1655 732 1695 sibi
760 1663 851 1695 sunt
879 1657 993 1704 facta,
1024 1669 1106 1696 sors
1136 1658 1242 1696 cadit
1270 1657 1376 1696 vnde
1404 1669 1480 1695 rea.

535 1721 629 1759 Non
659 1732 733 1771 ego
762 1733 951 1771 personas
981 1722 1164 1772 culpabo,
1197 1729 1255 1761 set
1284 1723 1447 1771 increpo
1476 1721 1624 1770 culpas,

535 1786 646 1834 Quas
676 1786 717 1823 in
746 1787 925 1835 personis
955 1788 1155 1826 cernimus
1186 1799 1274 1827 esse
1303 1799 1401 1825 reaS.
1859 1799 1900 1822 10

535 1852 571 1888 A
600 1862 665 1889 me
695 1863 777 1889 non
806 1852 893 1901 ipso
922 1852 1064 1902 loquor
1093 1853 1178 1900 hec,
1211 1860 1270 1891 set
1299 1864 1377 1902 que
1407 1851 1528 1889 michi
1557 1849 1683 1900 plebis

535 1916 623 1953 Vox
653 1915 774 1962 dedit,
807 1922 846 1954 et
875 1923 1022 1955 sortem
1051 1917 1201 1968 plangit
1229 1917 1377 1967 vbique
1406 1916 1575 1955 malam:

535 1981 588 2018 Vt
619 1981 792 2030 loquitur
820 1982 958 2031 vulgus
987 1983 1140 2032 loquor,
1171 1989 1210 2022 et
1239 1981 1451 2021 scribendo
1480 1981 1681 2031 loquelam

535 2046 697 2095 Plango,
730 2047 840 2096 quod
868 2054 927 2086 est
956 2054 1115 2086 sanctus
1144 2048 1275 2086 nullus
1305 2054 1345 2086 vt
1367 2054 1461 2086 ante
1489 2053 1623 2085 status.

536 2111 718 2160 Quisque
746 2123 863 2149 suurn
892 2118 1026 2161 tangat
1054 2120 1193 2162 pectus
1223 2113 1435 2162 videatque
1464 2118 1675 2162 sequenter

537 2175 577 2213 Si
607 2175 655 2213 sit
685 2175 725 2212 in
755 2175 832 2213 hoc
861 2176 949 2214 talis
978 2177 1084 2215 vnde
1112 2178 1269 2226 quietus
1299 2177 1384 2215 erit.

537 2240 684 2277 Nescio
715 2240 802 2289 quis
831 2252 974 2289 purum
1004 2253 1046 2279 se
1075 2241 1195 2289 dicet,
1224 2241 1338 2291 plebs
1368 2241 1461 2291 quia
1491 2247 1574 2279 tota

536 2304 693 2343 Clamat
722 2305 800 2342 iarn
829 2305 955 2343 lesum
985 2306 1204 2356 quemlibet
1234 2318 1320 2344 esse
1350 2312 1508 2344 statum.

537 2368 667 2418 Culpa
696 2369 860 2418 quidem
890 2370 978 2417 lata,
1011 2383 1093 2409 non
1122 2371 1240 2420 culpa
1269 2371 1379 2418 leuis,
1412 2370 1628 2409 maculauit

535 2434 735 2483 Tempora
764 2446 856 2472 cum
887 2436 1026 2483 causis,
1058 2448 1131 2474 nos
1160 2447 1321 2486 quoque
1351 2442 1484 2474 nostra
1513 2436 1624 2474 loca:
1858 2450 1901 2473 20

537 2499 604 2537 Nil
633 2500 815 2549 generale
844 2507 978 2539 tamen
1007 2502 1245 2540 concludam
1275 2501 1349 2539 sub
1379 2502 1551 2551 speciali,

536 2564 574 2601 N
579 2576 623 2603 ec
651 2577 745 2614 gero
776 2566 1025 2615 propositum
1054 2566 1187 2605 ledere
1215 2579 1417 2617 quemque
1447 2574 1607 2606 statum.

593 2629 790 2668 Nouimus
821 2642 908 2668 esse
936 2637 1060 2669 status
1089 2637 1178 2678 tres,
1209 2630 1283 2670 sub
1314 2631 1459 2682 quibus
1489 2632 1620 2671 omnis
1649 2632 1690 2670 in
1719 2631 1816 2670 orbe

538 2694 653 2733 More
683 2706 755 2733 suo
784 2695 881 2734 viuit
909 2702 1029 2746 atque
1058 2696 1251 2735 ministrat
1280 2697 1347 2735 eis.

472 2787 630 2830 Hcading
654 2789 720 2821 Hic
737 2790 858 2831 incipit
875 2802 988 2832 exquo
1007 2792 1034 2823 L
1167 2793 1292 2834 Incipit
1310 2793 1474 2834 prologus
1491 2793 1567 2824 libri
1585 2794 1682 2825 tercii
1699 2803 1764 2824 om.
1784 2793 1809 2824 L

431 2850 493 2922 S¹9
515 2845 617 2923 setLet
635 2840 658 2873 S
679 2846 721 2880 ,et
734 2842 767 2873 in
782 2842 982 2884 laterhand)
1078 2854 1117 2885 13
1140 2844 1278 2888 vulgus]
1294 2845 1439 2887 populus
1453 2846 1550 2889 (ναε.)
1566 2846 1593 2879 C
1687 2845 1727 2878 16
1750 2844 1794 2876 Vt
1807 2845 1851 2877 sit
1867 2845 1896 2876 D

431 2914 435 2919 .
458 2895 481 2922 1t
499 2892 547 2923 sic
