2095 3173
361 261 442 301 252

830 247 962 288 VOX
1004 243 1362 286 CLAMANTIS

474 357 536 393 Da
565 355 728 401 miseris,
761 360 897 392 sontes
927 364 1079 401 respue,
1113 362 1230 400 parce
1258 349 1344 388 reis.

472 420 676 469 Quicquid
707 432 810 469 agas,
843 418 945 455 vicio
975 428 1194 466 numquam
1226 420 1422 464 mergatur
1452 413 1689 459 honestum3

474 487 597 524 Fama
626 486 747 530 lucro,
778 482 897 521 rebus
927 482 1151 531 preficiatur
1179 492 1291 530 opus.

475 551 542 589 Nil
572 549 655 596 tibi,
687 561 764 595 rex,
798 548 922 597 fingas
952 560 1022 597 pro
1051 547 1215 593 mundo,
1247 557 1329 595 quo
1358 543 1547 593 reputeris

476 618 610 655 Iustus
638 615 747 664 apud
776 625 957 663 proceres
987 619 1026 651 et
1055 625 1143 651 reus
1173 619 1264 650 ante
1293 611 1440 650 deum:

475 680 696 718 Ecclesiam
726 679 885 717 studeas
916 679 1039 716 multa
1069 678 1213 727 pietate
1243 677 1387 722 fouere,

474 747 599 786 Cuius
629 746 738 784 enim
768 743 951 794 precibus
981 744 1063 781 vult
1092 743 1278 782 diadema
1306 742 1396 791 geri.

476 812 663 861 Pauperis
693 817 732 849 et
760 810 879 848 vidue
908 810 1005 847 dum
1034 809 1160 847 cernis
1189 808 1329 846 adesse
1358 806 1546 856 querelas,

476 878 675 916 Iudicium
706 876 857 914 miseris
887 888 978 912 cum
1008 875 1154 924 pietate
1182 886 1303 924 geras.

476 943 649 993 Expedit
678 942 878 980 interdum
907 940 1081 979 sanccita
1110 940 1308 977 remittere
1337 938 1480 987 legum,

476 1010 539 1047 Ne
568 1009 693 1059 periat
721 1008 847 1057 pietas
876 1006 927 1045 de
957 1006 1107 1044 feritate
1136 1012 1226 1043 tua:

477 1075 688 1124 Indulgere
717 1074 793 1111 tuis
824 1079 890 1110 tua
919 1072 975 1110 sic
1005 1071 1187 1121 dignetur
1216 1071 1413 1115 honestas,

478 1142 583 1180 Nam
614 1147 712 1189 puto
742 1151 836 1188 sepe
865 1139 985 1176 deum
1015 1137 1148 1175 viuere
1178 1136 1278 1174 velle
1307 1147 1429 1173 reum.

477 1207 552 1244 Par
580 1217 741 1255 quoque
762 1211 890 1254 portet
920 1215 1021 1241 onus
1051 1202 1107 1240 sic
1136 1201 1280 1240 nobilis
1309 1207 1429 1249 atque
1458 1198 1635 1244 colonus,

475 1272 527 1310 Et
557 1271 679 1309 nichil
708 1271 925 1308 archanum
955 1269 1105 1318 polluat
1134 1274 1227 1305 ante
1256 1278 1434 1304 manum.

471 1336 608 1375 Ardua
636 1336 668 1374 si
697 1349 815 1374 causa
844 1334 915 1373 tibi
945 1335 1004 1381 sit,
1035 1334 1181 1380 videas,
1213 1333 1305 1382 quia
1334 1338 1439 1369 certe

476 1402 610 1440 Tarda
639 1402 739 1440 solet
769 1401 921 1450 magnis
951 1398 1068 1438 rebus
1098 1399 1227 1437 inesse
1258 1397 1366 1435 fides.

476 1466 616 1505 Rebus
646 1468 686 1504 in
715 1467 911 1516 ambiguis
941 1472 983 1503 tu
1013 1471 1165 1502 certum
1196 1476 1344 1513 ponere
1373 1462 1465 1508 noli,

479 1534 643 1571 Fallitur
670 1532 834 1582 augurio
863 1544 952 1580 spes
982 1530 1089 1568 bona
1117 1541 1211 1578 sepe
1241 1541 1336 1567 suo:

481 1599 553 1636 Est
582 1598 706 1648 magis
735 1597 899 1635 humani
928 1596 1080 1646 generis
1110 1595 1258 1632 iactura
1286 1593 1424 1639 dolori,

481 1663 617 1702 Nescit
646 1663 883 1712 principium
913 1661 1010 1711 quid
1040 1660 1115 1698 sibi
1145 1660 1234 1697 finis
1263 1665 1361 1709 aget.

480 1729 589 1766 Dum
617 1728 689 1766 tibi
719 1727 858 1765 suadet
887 1739 988 1776 opus
1017 1732 1181 1763 tractare
1210 1724 1375 1774 negocia
1404 1723 1522 1772 regni,

479 1793 702 1833 Consilium
732 1799 839 1842 regat
868 1793 944 1830 hoc
973 1804 1066 1829 cum
1096 1790 1250 1828 seniore
1279 1801 1411 1827 senex.

480 1859 562 1897 Ibit
590 1859 631 1896 in
661 1870 848 1896 occasum
879 1856 1071 1906 quicquid
1100 1855 1279 1893 dicemus
1308 1854 1359 1892 ad
1389 1860 1529 1899 ortum,

481 1924 635 1973 Lingua
663 1924 810 1973 loquax
838 1921 1018 1960 habitum
1048 1921 1198 1959 nesciat
1231 1932 1323 1969 ergo
1355 1926 1477 1956 tuum.

481 1989 706 2029 Consilium
736 2000 902 2037 prauum
931 1987 1101 2036 regalem
1130 1985 1261 2023 turbat
1292 1985 1493 2029 honorem,

482 2055 679 2092 Prouocat
709 2053 830 2102 inque
859 2053 987 2090 scelus
1017 2064 1095 2101 que
1125 2051 1232 2088 bona
1260 2050 1367 2099 pacis
1398 2056 1521 2087 erant.

538 2120 630 2157 Iura
659 2117 770 2156 dabit
799 2117 949 2166 populo
980 2117 1121 2163 senior,
1154 2115 1402 2163 discretaque
1431 2114 1541 2151 iustis
1581 2147 1586 2153 .

484 2183 657 2234 Legibus
687 2190 746 2221 est
775 2189 856 2221 etas
885 2182 990 2220 vnde
1019 2188 1171 2231 petatur
1200 2181 1338 2218 honor.

483 2251 554 2288 Est
584 2249 676 2287 satis
706 2249 770 2286 ille
799 2260 933 2294 senex,
961 2247 1072 2284 cuius
1101 2246 1299 2295 sapiencia
1328 2257 1487 2283 sensum

482 2316 631 2354 Firmat
661 2315 701 2352 in
730 2320 845 2360 etate,
877 2313 926 2351 sit
955 2313 1046 2351 licet
1075 2313 1159 2361 ipse
1187 2312 1327 2350 minor.

484 2380 579 2418 Non
609 2377 769 2417 stabiles
797 2378 952 2416 animos
980 2384 1131 2415 veteres
1160 2377 1307 2414 fatuam
1337 2388 1384 2413 ve
1414 2375 1615 2413 iuuentam

484 2444 729 2494 Comprobo,
762 2456 843 2482 non
873 2450 955 2481 etas
985 2443 1040 2480 sic
1069 2455 1139 2480 sua
1168 2442 1251 2479 iura
1279 2440 1415 2479 dedit:

485 2511 534 2550 In
564 2522 659 2549 sene
687 2510 924 2548 multociens
953 2515 1028 2547 stat
1056 2507 1241 2546 condicio
1270 2506 1463 2553 iuuenilis,

486 2577 594 2614 Dum
625 2576 780 2614 iuuenis
809 2587 938 2613 mores
968 2573 1121 2612 obtinet
1149 2572 1233 2621 ipse
1263 2571 1378 2609 senis.

486 2640 659 2679 Caucius
689 2652 782 2690 ergo
812 2645 957 2677 statum
987 2638 1133 2683 videas,
1163 2637 1228 2686 pie
1258 2648 1337 2684 rex,
1365 2635 1417 2673 ad
1445 2641 1655 2685 Vtrumque
1671 2648 1681 2681 3

486 2705 606 2743 Vnde
634 2706 739 2755 legas
769 2705 963 2752 homines,
995 2710 1037 2741 tu
1066 2702 1173 2752 prius
1202 2708 1289 2739 acta
1317 2700 1454 2751 proba.

488 2770 569 2818 Qui
599 2770 670 2808 tibi
700 2769 910 2808 seruicium
940 2768 1077 2818 prebet
1099 2779 1172 2805 nee
1202 2766 1346 2804 invtilis
1375 2777 1513 2803 aurum

488 2835 662 2884 Appetit‚
694 2835 758 2872 hic
787 2846 923 2873 seruus
953 2833 1098 2872 debeat
1128 2843 1213 2870 esse
1240 2837 1359 2870 tuus:

463 2919 525 2949 743
548 2908 691 2941 sanctita
709 2909 770 2940 DT
814 2908 985 2940 sancciata
1002 2907 1028 2939 L
1163 2907 1225 2946 765
1248 2905 1360 2937 fatuos
1376 2916 1417 2937 ve
1434 2905 1461 2936 C
1507 2908 1652 2937 statuam
1669 2914 1710 2934 ve
1729 2903 1755 2934 E

1776 752 1838 783 740

1780 2052 1844 2093 760
