2095 3173
441 221 522 259 302

917 208 1048 249 VOX
1090 208 1448 249 CLAMANTIS

551 315 632 354 Cor
661 315 712 353 de
740 321 875 353 mente
904 315 1046 361 tremit,
1078 315 1129 352 de
1158 315 1279 352 corde
1307 327 1410 361 caro,
1441 314 1551 364 quod
1581 315 1621 352 in
1653 315 1724 353 ista

551 381 730 421 Scribere
759 381 921 419 materia
951 381 1039 430 plus
1069 381 1208 430 nequit
1238 393 1327 431 egra
1356 394 1508 419 manus.

604 447 698 495 Quo
726 447 849 493 vultu,
881 447 942 484 vel
972 458 1051 495 qua
1080 446 1191 493 facie,
1223 447 1284 484 vel
1315 459 1395 497 quo
1424 447 1616 485 comitatu

550 513 666 550 Tunc
695 510 901 561 apparebit
930 511 1125 550 iudicialis
1154 513 1284 561 apex?

549 575 751 615 Terribilis
780 577 924 625 vultus,
954 577 1074 615 facies
1104 578 1216 627 quasi
1247 577 1296 615 sit
1325 577 1541 625 furibundi,

549 643 748 680 Horridus
777 649 960 691 aspectus
989 655 1126 692 aspera
1156 655 1315 693 queque
1344 644 1525 682 minans:

550 708 699 746 Iudicis
730 708 795 746 ille
824 709 930 746 furor
959 708 1101 755 breuis,
1133 709 1188 746 ira
1219 716 1277 747 set
1306 709 1458 759 absque
1487 708 1651 747 remissa

549 775 668 820 Pena,
698 774 753 812 nil
782 774 898 812 venie
927 774 981 812 nil
1010 774 1165 824 pietatis
1196 774 1360 813 habens.

549 841 680 878 Mater
709 847 747 878 et
776 840 977 890 angelicus
1007 846 1128 887 cetus,
1161 852 1320 878 necnon
1350 840 1562 879 duodenus

549 906 749 945 Iudicium
778 906 926 944 faciens
956 905 1055 944 ordo
1084 912 1271 955 sequetur
1300 917 1415 944 eum:

548 972 724 1022 Angelus
754 972 819 1009 hic
848 979 886 1009 et
915 971 1038 1009 homo
1066 971 1210 1020 pariter
1238 978 1436 1009 tormenta
1465 971 1669 1019 subibunt,

549 1038 698 1075 Penam
728 1049 799 1086 pro
828 1037 976 1074 meritis
1006 1037 1134 1074 soluet
1162 1043 1326 1086 vterque
1356 1038 1435 1075 suis
1452 1051 1463 1085 3

548 1104 813 1154 Efficientque
842 1116 956 1153 pares
985 1115 1099 1153 pene,
1131 1116 1232 1153 quos
1262 1116 1388 1153 nuper
1417 1104 1549 1154 iniqus

548 1169 747 1208 Peccandi
776 1169 917 1218 pariles
948 1168 1143 1207 efficiebat
1171 1181 1292 1207 amor.

547 1235 821 1284 Distinguetur
850 1234 903 1272 ibi
934 1235 1060 1272 malus
1091 1242 1129 1273 et
1159 1233 1301 1282 bonus,
1334 1235 1398 1273 ille
1428 1235 1637 1283 sinistram,

548 1301 621 1339 Ille
650 1307 790 1339 tenens
820 1300 1010 1347 dextram,
1042 1300 1315 1350 iudiciumque
1343 1300 1480 1339 ferent.

602 1366 650 1413 O,
683 1379 803 1416 quam
832 1366 950 1404 tristis
980 1366 1052 1404 erit
1081 1366 1232 1404 miseris
1262 1367 1465 1404 sentencia
1494 1366 1639 1415 danda,

547 1433 744 1481 Perpetue
773 1432 910 1469 mortis
940 1431 1170 1480 perdicione
1199 1432 1310 1470 mori.

548 1498 639 1535 Hec
669 1497 740 1536 erit
769 1498 833 1535 illa
863 1497 948 1535 dies
978 1497 1142 1544 domini,
1175 1509 1253 1547 qua
1282 1498 1371 1536 luce
1399 1496 1595 1547 patebunt

548 1563 701 1601 Clarius
730 1562 897 1608 occulta,
929 1573 1007 1611 que
1037 1561 1159 1600 modo
1189 1562 1322 1600 clausa
1350 1563 1497 1600 latent:

548 1629 640 1666 Hec
670 1627 741 1665 erit
770 1627 835 1664 illa
865 1627 950 1664 dies
981 1627 1049 1675 ire,
1078 1627 1143 1664 lux
1173 1627 1238 1664 illa
1267 1628 1484 1675 tremenda,

546 1694 639 1742 Qua
668 1705 749 1731 non
779 1691 966 1730 subsistet
994 1692 1157 1741 angelus
1185 1692 1338 1742 absque
1366 1700 1486 1731 metu.

545 1758 650 1797 Cum
680 1758 743 1795 vix
773 1758 803 1795 si
834 1758 958 1795 iustus
987 1764 1137 1806 puncto
1166 1758 1380 1796 saluandus
1410 1759 1450 1796 in
1481 1758 1558 1806 illo,

548 1824 688 1873 Impie,
719 1835 800 1872 quo
830 1823 984 1872 fugies?
1023 1835 1124 1873 quae
1153 1824 1274 1873 fuga?
1313 1825 1433 1862 Nulla
1462 1824 1635 1874 quidem.

545 1889 618 1927 Est
647 1889 762 1938 igitur
790 1889 934 1927 mentis
965 1888 1180 1938 prudentis,
1212 1890 1356 1928 mentis
1387 1890 1566 1939 honeste,

548 1955 699 1993 Mentis
729 1955 898 1993 discrete
926 1954 1003 1992 tale
1033 1955 1171 1993 timere
1200 1956 1362 1993 malum.

545 2021 582 2060 O
613 2021 780 2058 nimium
811 2020 913 2067 felix,
944 2020 1042 2058 tales
1072 2020 1242 2059 euadere
1271 2022 1405 2060 clades

545 2087 626 2135 Qui
656 2087 770 2132 valet,
802 2093 841 2124 et
871 2084 999 2122 meriti
1029 2086 1161 2123 viuere
1190 2086 1309 2125 laude
1339 2088 1427 2125 sui!

546 2151 583 2190 O
613 2152 781 2189 nimium
811 2150 913 2196 felix,
945 2161 969 2186 o
999 2150 1104 2187 secla
1133 2161 1202 2199 per
1232 2153 1367 2190 omnia
1394 2152 1498 2199 felix,

546 2217 583 2255 O
613 2223 872 2266 preseruatus,
904 2226 1010 2263 oque
1038 2213 1177 2252 beatus
1207 2215 1341 2264 homo,

546 2283 627 2331 Qui
657 2283 800 2331 poterit
829 2279 965 2317 mortis
994 2285 1122 2316 tantas
1153 2280 1322 2320 euadere
1351 2295 1484 2332 penaS,

545 2347 680 2387 Celica
708 2360 880 2396 cumque
910 2349 987 2387 deo
1015 2349 1159 2398 gaudia
1188 2350 1287 2387 ferre
1317 2351 1415 2386 suo!

548 2414 666 2451 Nunc
696 2413 811 2463 igitur
841 2415 977 2452 sedeat
1007 2414 1163 2463 sapiens
1193 2420 1232 2452 et
1261 2420 1466 2462 computet
1495 2420 1617 2459 actus,

546 2478 678 2526 Quam
708 2478 815 2528 prius
844 2479 1032 2518 adueniat
1061 2479 1203 2517 iudicis
1234 2479 1299 2516 illa
1327 2479 1424 2517 dies.

1834 782 1918 812 1080

1830 1448 1915 1480 1090

1827 2103 1838 2124 1
1851 2104 1913 2126 100

482 2615 710 2660 Postquam
736 2615 786 2650 de
811 2616 978 2660 gaudiis
1003 2617 1046 2651 et
1071 2616 1192 2661 penis
1217 2626 1297 2660 que
1326 2617 1449 2652 bonis
1478 2619 1522 2653 et
1547 2618 1672 2653 malis
1705 2618 1909 2654 debentur

435 2674 650 2715 tractauit,
663 2675 844 2709 consulit
862 2675 1040 2710 vlterius
1058 2675 1165 2718 quod
1183 2675 1464 2719 unusquisque
1483 2676 1536 2710 ad
1555 2677 1690 2711 bonos
1707 2687 1845 2712 mores
1863 2687 1909 2712 se

435 2733 671 2772 conuertat‚
691 2734 733 2767 et
747 2733 796 2768 de
809 2733 893 2767 hiis
907 2743 986 2776 que
997 2734 1260 2777 negligenter
1273 2734 1426 2775 omisit,
1441 2735 1599 2778 absque
1610 2735 1908 2779 desperacione

435 2790 644 2826 contritus
662 2791 968 2835 indulgenciam
986 2802 1013 2826 a
1029 2792 1107 2826 deo
1129 2791 1382 2826 confidenter
1399 2793 1600 2838 imploret.

933 2886 1015 2918 1095
1039 2878 1068 2909 si
1085 2877 1176 2909 SGL
1219 2878 1264 2908 sit
1281 2877 1411 2909 CEHD
