2095 3173
671 227 859 268 LIBER
902 225 1141 266 PRIMUS

1583 239 1631 276 41

170 335 273 378 auis,
303 335 468 378 anglice
499 335 602 379 Gay,
632 334 702 378 qui
730 332 962 377 vulgariter
990 334 1168 366 vocatur
1196 332 1353 374 Watte,
1384 331 1637 375 presumpsit

170 393 249 428 sibi
267 395 425 428 statum
442 391 656 437 regiminis
675 392 862 436 aliorum,
881 393 923 427 et
947 391 991 426 in
1013 391 1074 426 rei
1096 391 1279 426 veritate
1302 391 1372 426 ille
1389 390 1536 425 Watte
1558 389 1637 424 fuit

170 452 253 485 dux
272 462 424 487 eorum.

1 567 3 571 Α
52 529 180 576 Capm.
206 528 252 565 ix.

339 527 466 577 Copia
495 527 591 565 dum
620 533 729 565 tanta
757 533 1023 564 monstrorum
1053 538 1162 563 more
1190 525 1359 564 ferarum

286 592 423 630 Extitit
452 592 570 639 vnita,
602 592 701 629 sicut
730 603 849 629 arena
877 591 1006 637 maris,

282 658 473 696 Graculus
503 669 602 694 vnus
632 663 713 694 erat
742 656 906 694 edoctus
936 656 976 693 in
1005 663 1086 694 arte
1116 656 1317 705 loquendi,

283 723 415 771 Quem
445 723 611 760 retinere
639 721 749 760 domi
779 722 887 759 nulla
915 728 1062 759 catasta
1091 728 1232 771 potest.

286 788 379 834 Hic,
412 787 503 825 licet
532 787 728 837 indignus,
760 787 912 824 cunctis
942 787 1205 833 cernentibus,
1236 787 1307 825 alis

286 853 492 902 Expansis,
524 852 695 902 primum
725 852 868 890 clamat
898 851 1043 890 habere
1073 858 1229 890 statum.

283 918 510 968 Prepositus
539 916 681 955 baratri
710 917 816 955 velut
845 922 904 955 est
934 917 1081 955 demon
1111 916 1267 966 legioni,

287 983 351 1022 Sic
381 983 506 1021 malus
537 983 575 1020 in
606 983 723 1032 vulgo
754 982 894 1031 prefuit
925 982 997 1020 iste
1027 982 1142 1020 malo.

285 1050 373 1087 Vox
403 1049 493 1095 fera,
525 1055 611 1086 trux
640 1048 781 1095 vultus,
812 1047 1012 1085 verissima
1042 1048 1177 1085 mortis
1206 1059 1359 1096 ymago,

286 1114 383 1152 Eius
412 1114 452 1151 in
482 1114 649 1163 effigiem
679 1119 787 1151 tanta
816 1112 962 1150 dedere
991 1119 1137 1149 notam.

287 1181 493 1217 Murmura
522 1178 765 1227 compressit,
797 1184 958 1215 tenuere
988 1177 1149 1215 silencia
1177 1177 1322 1224 cuncti,

288 1245 385 1283 Eius
414 1250 454 1283 vt
482 1244 640 1283 auditus
670 1243 719 1281 sit
748 1243 871 1292 magis
901 1254 968 1280 ore
997 1254 1142 1280 sonus:

285 1310 448 1348 Arboris
478 1309 518 1346 in
548 1321 747 1347 summum
777 1307 1022 1354 conscendit,
1054 1314 1092 1345 et
1122 1308 1199 1345 oris
1228 1307 1351 1356 aperti

285 1377 397 1413 Voce
426 1374 505 1412 suis
534 1373 693 1424 paribus
722 1373 814 1411 talia
841 1373 961 1412 verba
990 1373 1128 1412 refert:

290 1441 348 1479 ‘O
379 1440 520 1478 seruile
547 1451 672 1489 genus
702 1439 947 1486 miserorum,
978 1450 1079 1488 quos
1109 1437 1183 1476 sibi
1212 1437 1387 1476 mundus

287 1504 472 1544 Subdidit
496 1517 519 1543 a
548 1505 668 1555 longo
696 1511 875 1554 tempore
904 1505 989 1554 lege
1018 1516 1100 1551 sua,

288 1572 374 1609 Iam
403 1570 510 1608 venit
539 1582 633 1609 ecce
662 1570 758 1616 dies,
792 1582 871 1619 qua
900 1570 1096 1608 rusticitas
1126 1568 1337 1618 superabit,

291 1637 572 1686 Ingenuosque
602 1636 682 1673 suis
711 1642 826 1685 coget
854 1635 962 1674 abire
992 1635 1101 1673 locis.

289 1702 454 1740 Desinat
483 1701 612 1739 omnis
641 1701 780 1747 honor,
812 1701 936 1750 periat
965 1701 1035 1747 ius,
1068 1700 1254 1748 nullaque
1283 1699 1415 1745 virtus,

287 1768 378 1815 Que
407 1767 513 1816 prius
543 1766 733 1814 extiterat,
765 1766 880 1804 duret
909 1766 948 1803 in
979 1765 1076 1804 orbe
1105 1765 1240 1814 magis.

287 1831 465 1870 Subdere
495 1844 573 1881 que
602 1831 755 1869 dudum
785 1831 847 1869 lex
877 1843 949 1869 nos
979 1831 1030 1869 de
1059 1830 1141 1868 iure
1171 1828 1334 1875 solebat,

288 1897 437 1944 Cesset,
469 1903 507 1935 et
536 1896 695 1934 vlterius
721 1896 827 1933 curia
857 1902 990 1933 nostra
1018 1895 1149 1944 regat.’

342 1962 504 2011 Singula
533 1961 647 1999 turba
677 1961 774 2008 silet,
806 1967 917 1998 notat
946 1967 984 1998 et
1014 1960 1087 1998 sibi
1117 1958 1236 1997 verba
1264 1958 1474 2008 loquentis,

290 2027 342 2064 Et
370 2027 498 2076 placet
527 2026 702 2065 edictum
732 2026 924 2076 quicquid
951 2025 1002 2063 ab
1032 2037 1099 2063 ore
1128 2025 1239 2063 tulit:

290 2091 468 2130 Vocibus
497 2091 692 2141 ambiguis
721 2091 930 2140 deceptam
960 2090 1117 2140 prebuit
1145 2101 1281 2127 aurem

290 2158 441 2207 Vulgus
471 2163 510 2195 et
539 2157 578 2194 in
609 2157 729 2194 finem
759 2156 866 2194 nulla
895 2156 1023 2194 futura
1052 2155 1170 2193 videt.

291 2223 493 2261 Exaltatus
523 2222 629 2261 enim
659 2234 750 2259 cum
781 2221 836 2259 sic
865 2221 916 2259 de
945 2220 1061 2270 plebe
1091 2220 1237 2266 fuisset,

290 2289 355 2326 Ad
385 2300 426 2327 se
455 2288 664 2326 confestim
695 2293 861 2325 traxerat
889 2298 1009 2324 omne
1039 2286 1190 2324 solum:

293 2355 401 2391 Nam'
428 2353 512 2392 sine
541 2352 708 2392 consilio
737 2365 828 2390 cum
859 2351 971 2401 plebs
1001 2350 1076 2389 sibi
1105 2351 1206 2388 colla
1235 2349 1423 2395 dedisset,

293 2419 502 2459 Conuocat
531 2419 595 2456 hic
625 2419 817 2468 populum
847 2418 1032 2466 iussaque
1061 2415 1180 2454 verba
1209 2415 1330 2453 dedit.

295 2486 349 2523 Vt
378 2485 477 2523 solet
507 2496 554 2523 ex
582 2496 728 2534 magno
757 2484 899 2521 fluctus
928 2483 1180 2532 languescere
1209 2480 1315 2527 flatu,

297 2551 347 2589 Et
375 2550 482 2589 velut
510 2562 533 2588 a
561 2556 681 2588 vento
710 2548 877 2587 turbinis
905 2548 1011 2587 vnda
1039 2553 1176 2592 tumet,

296 2615 418 2654 Vocis
447 2615 487 2652 in
516 2627 678 2654 excessu
707 2615 879 2664 reliquos
908 2614 964 2651 sic
993 2617 1222 2651 commouet
1251 2620 1391 2648 omnes

297 2681 501 2728 Graculus,
533 2687 572 2719 et
602 2687 754 2719 mentes
783 2679 911 2729 plebis
939 2679 991 2717 ad
1019 2689 1127 2716 arma
1156 2675 1297 2714 trahit:

299 2748 505 2795 stultaque
534 2758 621 2795 pars
650 2746 786 2796 populi
816 2758 894 2795 que
923 2745 972 2782 sit
1001 2755 1072 2781 sua
1101 2741 1208 2780 curia
1236 2740 1373 2788 nescit,

300 2813 391 2861 Que
419 2818 552 2849 tamen
581 2812 665 2860 ipse
693 2810 802 2849 iubet
830 2811 914 2848 iura
942 2808 1083 2858 vigoris
1112 2806 1272 2845 habent.

337 2887 420 2927 Cap.
437 2886 483 2918 ix.
500 2885 662 2927 Heading
706 2896 726 2926 3
743 2885 819 2926 Gay
836 2884 900 2917 SH
947 2884 1044 2924 Geay
1061 2882 1119 2914 CT
1164 2892 1184 2913 a
1200 2880 1299 2921 Geay
1316 2879 1347 2910 D
1393 2878 1454 2918 lay
1471 2877 1499 2909 E

1575 595 1640 627 680

1580 1247 1646 1289 690

1586 1904 1649 1938 700
