2095 3173
461 268 543 317 276
930 266 1061 308 VOX
1100 266 1457 308 CLAMANTIS

508 396 586 432 Hic
614 398 794 441 loquitur
823 398 874 431 de
900 398 1041 431 statue
1067 396 1254 431 secunda
1279 398 1400 440 parte
1426 396 1585 440 pedum,
1612 406 1690 439 que
1716 395 1856 431 fictilis
1886 398 1928 430 et

460 456 625 500 fragilis
643 458 746 498 erat,
766 457 807 490 et
825 456 875 490 de
893 455 1076 490 eiusdem
1094 455 1230 499 partis
1247 454 1574 498 significacione.

332 534 459 583 Capm.
483 535 533 573 iii.
620 537 768 574 Vltima
797 549 866 585 per
894 542 1015 574 terras
1044 542 1223 585 superest
1252 535 1375 573 modo
1405 535 1534 573 fictilis
1562 541 1655 582 etas,

569 602 685 639 Vnde
714 602 837 650 pedes
866 609 994 640 statue
1022 602 1118 640 dant
1147 601 1268 639 michi
1298 601 1408 651 signa
1438 601 1533 639 fore.

567 667 661 704 Non
691 667 812 705 cicius
841 667 948 717 figuli
978 667 1121 717 fragilis
1152 679 1244 704 nam
1275 667 1405 704 fictilis
1436 667 1515 704 olla

567 733 702 781 Rupta
732 733 774 770 fit
804 733 844 770 in
872 740 1003 780 testas,
1035 733 1132 770 dum
1161 732 1259 781 lapis
1288 732 1395 781 angit
1424 744 1501 779 eas,

566 797 675 845 Quin
704 798 792 847 plus
820 798 1005 836 condicio
1034 798 1177 847 fragilis
1207 804 1398 846 temptata
1427 798 1600 835 virorum

565 863 700 911 Rupta
730 863 830 901 iacet
858 863 948 900 vicii
977 863 1028 901 de
1055 863 1246 912 grauitate
1274 863 1346 900 sui.
1865 876 1927 908 140

565 928 714 965 Fictilis
743 935 801 966 est
829 928 962 975 laicus,
995 935 1053 966 set
1083 928 1238 965 fictilior
1266 927 1389 965 modo
1419 928 1546 965 clerus

565 993 662 1031 Eius
692 994 732 1031 in
761 994 950 1043 exemplis
980 1000 1115 1031 causat
1144 993 1298 1043 agenda
1328 993 1465 1031 malis:

564 1059 629 1096 Sic
657 1071 766 1097 sacra
795 1059 937 1108 scripta
966 1071 1057 1097 caro
1086 1058 1346 1097 conscribitur
1374 1058 1550 1108 vndique
1578 1058 1741 1104 mundo,

565 1124 713 1162 Littera
741 1124 851 1174 quod
880 1124 999 1163 Cristi
1029 1125 1136 1162 nulla
1165 1124 1322 1162 videtur
1351 1123 1416 1162 ibi.

564 1189 644 1238 Qui
674 1189 783 1228 iubet
812 1196 851 1227 vt
880 1202 1040 1228 carnem
1069 1190 1286 1237 vincamus,
1319 1201 1478 1227 cernere
1508 1189 1656 1227 victum

563 1256 790 1302 Possumus,
822 1262 860 1294 et
889 1256 1053 1294 doctum
1082 1268 1267 1305 spernere
1296 1255 1442 1305 dogma
1472 1267 1601 1293 suurn.

562 1321 701 1360 Clerus
730 1321 850 1360 habet
878 1334 976 1360 voce
1005 1321 1080 1359 sibi
1110 1334 1259 1360 nomen
1289 1322 1501 1371 spirituale,

562 1387 726 1436 Spiritus
756 1388 796 1425 in
825 1400 985 1425 carnem
1015 1388 1177 1425 vertitur
1206 1387 1290 1437 ipse
1318 1394 1479 1426 tamen:

562 1453 702 1491 Carnis
731 1454 841 1492 enim
870 1454 969 1491 vicia
999 1460 1091 1491 sunt
1121 1454 1176 1491 sic
1205 1453 1471 1492 communiter
1499 1462 1596 1501 acta,

562 1519 685 1567 Quod
713 1520 765 1558 de
792 1520 991 1558 continuis
1021 1519 1083 1557 vix
1111 1519 1235 1569 pudet
1264 1532 1354 1557 vsus
1384 1520 1453 1557 eis.
1862 1533 1923 1564 150

562 1585 624 1622 Fit
652 1586 763 1634 quasi
793 1598 900 1623 nunc
930 1585 1068 1623 mulier
1097 1585 1269 1623 hominis
1299 1585 1486 1623 dominus
1516 1597 1594 1634 que
1623 1585 1816 1634 magister,

560 1650 630 1687 Vir
659 1651 701 1687 fit
730 1657 769 1688 et
797 1651 939 1688 ancilla
968 1649 1137 1697 subdita,
1169 1662 1304 1699 prona,
1335 1650 1426 1699 pia:

560 1715 715 1753 Debilis
746 1716 786 1752 in
815 1716 956 1754 fortem
985 1715 1061 1752 ruit
1091 1722 1129 1753 et
1158 1715 1342 1753 vecordia
1371 1715 1503 1761 vincit,

562 1780 642 1828 Qui
671 1781 771 1819 foret
799 1787 838 1819 et
867 1781 1035 1830 sapiens,
1067 1780 1196 1818 fictilis
1226 1780 1311 1829 ipse
1340 1780 1456 1818 cadit.

559 1846 700 1883 Preuia
729 1846 826 1884 dum
855 1846 982 1884 clerus
1012 1845 1178 1883 Veneris
1208 1845 1347 1883 vexilla
1379 1844 1539 1892 subibit,

560 1912 647 1949 Iam
676 1912 815 1950 Venus
843 1924 866 1949 a
894 1918 978 1949 tota
1005 1918 1123 1961 gente
1150 1911 1299 1949 tributa
1330 1912 1442 1960 petit.

613 1977 765 2015 Gallica
794 1984 967 2027 peccata,
999 1989 1124 2026 nuper
1152 1976 1297 2026 quibus
1327 1977 1380 2014 hii
1410 1977 1649 2024 ceciderunt,

559 2042 744 2081 Clamant
773 2043 852 2080 iam
881 2049 1035 2080 nostras
1064 2042 1263 2080 intitulare
1292 2042 1461 2081 domos:

559 2108 678 2145 Nunc
706 2108 796 2146 licet
824 2108 982 2146 alterius
1011 2120 1199 2157 sponsam
1228 2108 1338 2157 quod
1367 2108 1536 2157 quisque
1565 2108 1786 2157 frequentet

558 2173 630 2210 Est
658 2179 782 2211 status
812 2173 983 2222 ingenui,
1014 2173 1157 2211 dicitur
1186 2173 1284 2211 illud
1313 2185 1436 2211 amor.
1858 2178 1920 2210 160

558 2238 653 2275 Non
682 2238 753 2276 erit
782 2238 859 2276 hoc
888 2238 995 2275 laicis
1024 2238 1170 2275 vicium
1195 2245 1253 2276 set
1282 2239 1411 2287 gracia
1440 2250 1593 2287 magna,

558 2304 668 2340 Dum
697 2303 746 2340 sit
775 2302 969 2341 adulterio
998 2303 1274 2352 magnificatus
1304 2304 1439 2350 homo,

559 2368 792 2406 Dummodo
821 2379 966 2417 sponsa
995 2375 1173 2417 stuprum
1203 2368 1391 2417 perquirit
1419 2368 1597 2406 adultera
1626 2368 1764 2407 donis:

558 2434 694 2471 Soluet
723 2433 775 2471 ob
806 2433 882 2471 hoc
911 2445 1091 2482 sponsus,
1123 2433 1190 2482 qui
1220 2434 1300 2471 luet
1330 2433 1426 2471 illud
1455 2446 1565 2482 opus.

557 2499 622 2537 Sic
651 2510 692 2537 se
722 2511 829 2536 nunc
858 2498 1040 2537 homines
1069 2498 1259 2545 vendunt,
1292 2498 1404 2547 quasi
1434 2498 1510 2536 sint
1540 2499 1775 2546 meretrices,

557 2565 748 2614 Prospera
777 2565 874 2603 dum
903 2564 1069 2602 Veneris
1098 2564 1202 2613 larga
1231 2564 1280 2601 sit
1310 2564 1373 2601 illa
1403 2577 1567 2603 manus:

557 2630 621 2668 Sic
651 2630 725 2668 sub
754 2630 937 2668 mendaci
967 2630 1099 2679 specie
1127 2637 1353 2679 grossantur
1382 2630 1537 2678 amoris,

560 2695 714 2743 Perque
743 2695 894 2743 nephas
923 2695 1000 2732 tale
1028 2694 1135 2731 lucra
1163 2694 1352 2743 pudenda
1381 2702 1532 2743 petunt.

558 2758 625 2796 Set
655 2759 721 2808 qui
752 2759 801 2797 de
830 2759 936 2797 clero
965 2771 1152 2809 sponsam
1182 2766 1386 2807 promotus
1415 2759 1589 2808 adoptat,

497 2881 558 2911 160
587 2880 648 2910 Est
673 2880 696 2909 S
767 2881 809 2912 Et
833 2881 995 2912 CEHDL
1159 2882 1218 2918 167
1246 2886 1447 2920 grossantur
1471 2881 1496 2912 S
1563 2885 1763 2921 grassantur
1787 2881 1915 2912 HDLT

450 2937 643 2963 crassantur
660 2932 749 2964 CEG
1133 2934 1138 2940 ’
