2121 3173
415 217 496 267 336

88 334 149 363 bus
174 332 276 363 nobili
302 333 378 363 duci
405 331 500 363 Hen-

88 378 157 407 rico
173 378 302 407 eisdem
323 377 357 406 in
375 376 501 406 Wallia

89 420 282 451 occurrenti
296 431 333 451 se
346 420 500 451 reddide-

89 470 174 495 runt.

156 1442 314 1481 Qualiter
380 1441 504 1473 nobilis

92 1486 264 1518 Henricus
274 1496 341 1516 vna
358 1496 433 1517 cum
451 1496 503 1516 re-

90 1529 503 1569 geRicardoetaliisLon-

91 1574 212 1605 donias
252 1574 406 1613 veniunty
447 1573 503 1604 vbi

91 1618 204 1648 dictus
234 1628 295 1648 rex
322 1617 355 1647 in
385 1619 503 1648 turrirn

91 1662 222 1700 positus
264 1671 326 1700 per
367 1660 503 1700 aliquod

90 1710 226 1745 tempus
256 1705 319 1735 sub
352 1705 505 1735 custodia

91 1748 266 1780 remansit.

135 1809 291 1848 Qualiter
303 1809 425 1839 nobilis
437 1809 504 1839 dux

92 1854 265 1884 Henricus
344 1862 506 1892 proceres

91 1907 324 1936 quoscumque
355 1907 417 1936 per
454 1906 504 1926 re-

91 1952 168 1979 gem
189 1940 372 1971 Ricardum
386 1941 420 1970 in
433 1941 504 1970 exi-

90 1985 172 2015 lium
184 1985 361 2024 delegatos
372 1985 414 2014 ad
426 1994 503 2023 pro-

92 2030 163 2067 pria
176 2028 352 2059 mitissime
365 2038 505 2059 reuoca-

92 2077 149 2103 tiit.

908 213 1190 255 CRONICA
1220 212 1606 252 TRIPERTITA

629 324 700 360 Est
729 328 813 359 rota
841 321 996 358 fortune
1026 319 1284 369 quodamodo
1313 319 1446 368 regula
1473 319 1577 365 lune,

628 389 719 436 Que
746 385 852 436 prius
881 383 1045 422 albescit
1074 385 1125 422 de
1154 391 1271 422 nocte
1300 397 1378 433 que
1407 391 1496 433 post
1524 381 1786 431 tenebrescit,

628 452 692 490 Sic
721 453 771 490 de
801 463 881 500 quo
910 449 1047 500 scripsi
1078 448 1252 488 Ricardo
1281 448 1444 499 contigit
1473 448 1570 499 ipsi:

630 519 738 554 Dum
767 515 874 554 stetit
902 516 954 554 ad
983 516 1157 565 plenum,
1190 522 1348 553 steterat
1377 514 1452 553 sibi
1480 522 1637 564 tempus
1666 526 1865 560 amenum,

628 584 695 620 Set
724 595 816 619 curn
846 580 1048 627 decrescit,
1080 581 1210 619 lucem
1240 587 1334 618 tunc
1364 580 1510 619 nebula
1538 578 1690 628 nescit3

628 648 732 686 Cum
762 660 803 684 se
832 645 1029 696 peruenit,
1061 659 1132 684 sua
1160 659 1273 696 spera
1301 646 1525 695 retrograda
1552 643 1677 683 vertit.

629 711 696 750 Nil
726 710 800 749 sibi
830 712 880 750 de
909 710 1032 758 bellis,
1065 710 1158 761 quia
1187 718 1262 749 stat
1291 710 1365 750 sibi
1394 718 1494 749 terra
1523 709 1690 756 rebellis,

630 777 716 815 Nec
739 790 845 815 mare
875 775 1074 822 succurrit,
1105 776 1258 827 fugiens
1288 775 1381 826 quia
1408 783 1529 814 nauta
1557 774 1717 814 recurrit
1733 789 1742 822 ;

629 843 727 892 Spes
757 841 832 880 sibi
861 843 1004 880 collata
1032 855 1114 879 non
1143 849 1212 889 est,
1245 849 1303 880 set
1332 849 1370 880 et
1399 840 1574 891 vndique
1603 842 1683 879 fata

632 909 770 958 Ipsum
800 907 1050 957 torquebant,
1082 915 1120 946 et
1148 908 1199 946 ad
1229 906 1308 945 ima
1337 914 1498 957 repente
1527 906 1718 944 ruebant:

631 974 725 1011 Non
754 972 807 1010 ita
836 980 986 1011 secreta
1013 974 1102 1011 loca
1130 980 1222 1011 sunt
1250 986 1381 1023 neque
1410 979 1536 1010 castra
1564 971 1707 1021 quieta,

631 1040 722 1087 Que
750 1045 846 1076 tunc
874 1051 1011 1076 secura
1039 1039 1193 1076 fuerant
1221 1051 1292 1088 pro
1322 1045 1425 1076 sorte
1453 1038 1593 1075 futura.

631 1103 739 1142 Finis
767 1104 881 1142 adest
908 1111 1031 1151 actus,
1062 1103 1215 1154 capitur
1242 1117 1308 1141 rex
1337 1104 1460 1153 fitque
1489 1102 1688 1148 subactus,

632 1171 683 1208 Et
712 1168 851 1219 reliqui
880 1170 988 1216 tales,
1020 1169 1095 1208 sibi
1124 1176 1216 1207 sunt
1245 1167 1313 1219 qui
1342 1169 1596 1215 collaterales,

631 1235 758 1274 Caute
787 1235 986 1273 ducuntur
1014 1233 1130 1285 capti,
1162 1234 1230 1285 qui
1258 1235 1337 1272 fata
1365 1241 1580 1283 sequntur:

629 1299 692 1338 Sic
722 1313 787 1338 rex
815 1307 1028 1350 preuentus
1057 1299 1170 1339 ducis
1199 1308 1257 1339 est
1286 1299 1426 1338 virtute
1455 1305 1640 1337 retentus.

685 1365 854 1416 Augusti
884 1365 1030 1404 mensis
1060 1365 1170 1405 dedit
1199 1366 1288 1413 hoc,
1319 1378 1400 1415 quo
1431 1361 1724 1403 Londoniensis

630 1431 734 1468 Vrbs
764 1430 1051 1480 congaudebat,
1083 1444 1161 1481 que
1191 1432 1334 1469 ducem
1365 1443 1456 1468 cum
1485 1430 1603 1468 laude
1632 1429 1810 1467 canebat.

631 1494 739 1533 Sicut
767 1508 886 1533 arena
914 1495 1041 1542 maris,
1074 1507 1260 1533 occursus
1289 1497 1402 1534 adest
1430 1493 1640 1545 popularis,

631 1560 750 1598 Tanti
779 1559 936 1598 victoris
965 1560 1208 1599 benedicens
1237 1568 1346 1610 gesta
1374 1559 1526 1610 vigoris.

633 1624 681 1660 In
711 1622 868 1660 Turrim
897 1622 1034 1661 transit
1065 1624 1126 1670 R,
1159 1621 1232 1661 sub
1262 1623 1428 1661 custode
1456 1620 1643 1660 remansit
1660 1636 1670 1669 3

633 1687 697 1726 Sic
726 1695 844 1737 caput
873 1689 1093 1738 Anglorum
1123 1687 1310 1726 minimus
1340 1686 1440 1726 iacet
1469 1687 1552 1738 ipse
1572 1686 1781 1725 minorum.

686 1754 740 1790 Vt
769 1752 817 1790 sit
847 1765 946 1802 opus
976 1754 1150 1802 planum,
1181 1752 1303 1790 nichil
1332 1760 1370 1790 et
1399 1753 1449 1791 de
1478 1753 1655 1802 pondere
1684 1763 1841 1798 vanum,

634 1819 890 1868 Apponendo
920 1831 1083 1855 manum
1113 1819 1193 1856 dux
1222 1825 1359 1868 purgat
1388 1818 1439 1855 ad
1468 1818 1608 1855 horrea
1635 1829 1800 1866 granum
1822 1830 1830 1862 ;

633 1883 764 1920 Iustos
794 1882 981 1930 laudauit,
1011 1882 1178 1921 iniustos
1206 1881 1453 1932 vituperauit,

635 1950 724 1986 Hos
753 1947 1013 1995 confirmauit,
1045 1949 1118 1986 hos
1147 1947 1343 1998 deprimit,
1375 1949 1448 1986 hos
1477 1946 1676 1986 releuauit.

634 2012 763 2063 Regni
791 2012 1011 2063 primatem,
1042 2014 1243 2052 crudelem
1272 2026 1341 2063 per
1369 2011 1562 2051 feritatem

633 2079 765 2127 Quem
795 2091 861 2116 rex
889 2080 1099 2128 explantat,
1131 2079 1212 2117 dux
1240 2092 1287 2116 ex
1315 2077 1461 2128 pietate
1489 2078 1706 2127 replantat:

633 2144 903 2182 Humfredum
933 2151 1070 2181 natum
1100 2151 1210 2193 patre
1238 2144 1428 2182 defuncto
1458 2142 1681 2193 spoliatum,

632 2210 764 2258 Quem
794 2222 860 2247 rex
888 2207 1117 2255 transduxit,
1150 2208 1257 2246 hunc
1286 2209 1366 2246 dux
1395 2204 1591 2258 probitate
1619 2205 1781 2245 reduxit.

632 2273 699 2311 Nil
729 2273 800 2311 tibi
830 2274 1024 2323 desperes,
1056 2273 1249 2311 Arundell
1277 2273 1464 2322 profugus
1493 2273 1617 2318 heres,

633 2340 825 2388 Prospera
854 2351 1028 2388 namque
1058 2337 1169 2376 ducis
1199 2337 1286 2375 fatis
1316 2345 1383 2375 tua
1411 2338 1490 2375 fata
1519 2335 1686 2375 reducis.

632 2402 809 2441 Warwici
840 2402 1051 2450 Comitem,
1083 2401 1194 2440 cuius
1224 2401 1308 2439 sine
1337 2400 1501 2439 crimine
1529 2401 1638 2439 litem

635 2469 726 2505 Dux
755 2467 842 2517 pius
871 2466 1045 2517 agnouit,
1077 2468 1231 2504 saluum
1261 2467 1311 2504 de
1341 2479 1494 2504 carcere
1524 2465 1674 2504 mouit:

633 2533 827 2573 Cobham,
847 2541 951 2571 sorte
979 2531 1062 2583 pari
1091 2533 1171 2571 dux
1199 2531 1291 2570 fecit
1320 2538 1358 2569 et
1387 2532 1494 2569 hunc
1523 2530 1699 2570 reuocari
1715 2545 1724 2578 3

635 2603 763 2642 Exilio
792 2605 978 2653 demptus
1007 2603 1132 2641 iustus
1161 2601 1261 2641 redit
1290 2601 1353 2640 ille
1382 2602 1610 2652 redemptus

635 2669 721 2706 Nec
750 2682 866 2718 prece
894 2682 967 2707 nec
997 2670 1120 2716 dono,
1149 2667 1278 2707 Cristo
1307 2666 1507 2706 mediante
1534 2674 1710 2717 patrono.

635 2733 764 2771 Tanta
793 2733 880 2771 tulit
909 2733 1025 2783 gratis
1054 2731 1268 2783 primordia
1296 2732 1376 2770 dux
1406 2731 1617 2770 bonitatis:

635 2798 688 2834 Vt
718 2797 823 2835 bona
852 2805 932 2835 tarn
961 2805 1068 2848 grata
1097 2810 1213 2848 super
1242 2798 1318 2835 hoc
1348 2796 1424 2835 sint
1454 2796 1693 2843 continuata,

753 2883 818 2912 239
841 2878 919 2904 tunc
938 2873 1051 2905 CGHa
1099 2884 1190 2905 nunc
1210 2873 1271 2905 SH
1395 2874 1460 2912 258
1483 2872 1655 2904 ArundeTI
1671 2871 1770 2904 MSS.

1927 463 1992 496 230

1931 1117 1994 1147 240

1933 2407 1995 2438 260
