2095 3173
419 217 474 255 62

892 213 1025 255 VOX
1064 213 1425 255 CLAMANTIS

531 322 648 360 Peius
678 328 717 360 vt
745 321 915 370 effugiat,
947 320 1114 358 sustinet
1143 320 1226 368 ipsa
1255 320 1416 358 malum.
1809 334 1893 366 1440

530 387 697 437 Absque
725 386 934 436 supercilio
963 385 1083 422 michi
1114 384 1230 422 nubis
1260 385 1334 422 sub
1363 391 1594 434 tegumento

531 452 686 502 Copula
715 464 807 489 curn
836 451 939 488 foliis
968 449 1124 499 prebuit
1154 449 1276 488 herba
1304 450 1474 488 thorum.

531 518 571 556 Si
601 518 723 567 potui,
756 516 861 554 volui
891 515 967 553 sub
996 515 1140 553 eodem
1169 515 1315 553 cortice
1343 515 1476 563 condi,

532 583 651 621 Nulla
680 581 907 631 superficies
936 588 1031 619 tunc
1061 581 1154 630 quia
1182 587 1267 619 tuta
1296 581 1391 629 fuit3

533 649 686 697 Perque
715 647 801 685 dies
829 647 981 696 aliquot
1009 646 1176 693 latitans,
1207 658 1450 696 omnemque
1478 653 1719 685 tremescens

530 713 596 751 Ad
626 713 844 762 strepitum,
875 712 956 762 fugi
985 712 1067 750 visa
1095 712 1240 761 pericla
1269 724 1427 750 canens.

531 775 690 814 Glande
717 775 864 813 famem
893 775 1044 824 pellens
1073 775 1194 812 mixta
1224 787 1385 824 quoque
1413 774 1620 813 frondibus
1650 773 1773 813 herba

530 841 687 890 Corpus
717 852 790 889 ego
820 840 908 887 texi,
942 852 1016 878 nec
1046 852 1187 877 manus
1217 852 1293 877 vna
1323 848 1481 879 mouet:

531 908 638 947 Cura
666 907 780 945 dolor
809 906 933 944 menti
961 906 1097 954 fuerat,
1129 906 1369 956 lacrimeque
1398 906 1568 955 rigantes

532 973 580 1011 In
609 973 737 1011 fundo
767 972 960 1010 stomachi
990 978 1082 1009 sunt
1109 971 1298 1009 alimenta
1327 972 1451 1021 quasi.
1811 986 1896 1018 1450

531 1040 648 1076 Tunc
675 1037 789 1076 cibus
818 1036 941 1075 herba
970 1037 1053 1083 fuit,
1084 1043 1180 1074 tunc
1208 1036 1295 1074 latis
1324 1048 1478 1075 currere
1507 1037 1615 1075 siluis

533 1104 712 1153 Impetus
742 1110 811 1150 est,
844 1108 970 1140 castra
998 1108 1094 1139 tunc
1122 1101 1216 1151 quia
1244 1102 1352 1139 nulla
1380 1102 1544 1141 iuuant:

532 1170 641 1207 Rore
669 1181 761 1207 meo
789 1168 1041 1217 lacrimisque
1070 1168 1169 1205 meis
1198 1167 1344 1205 ieiunia
1373 1168 1476 1216 paui,

534 1235 625 1273 Fert
653 1234 746 1272 satis
775 1234 826 1271 ad
857 1233 1003 1271 victum
1034 1233 1171 1282 langor
1200 1233 1240 1270 in
1270 1245 1337 1270 ore
1367 1245 1512 1271 meum·

588 1300 705 1338 Plura
733 1299 874 1337 dolens
903 1298 1016 1336 timui
1046 1304 1142 1335 tunc
1170 1298 1369 1347 temporis,
1401 1306 1440 1336 et
1468 1310 1586 1348 super
1615 1310 1735 1337 omne

534 1367 598 1405 Ira
627 1365 691 1404 dei
721 1364 854 1414 magni
884 1376 1003 1401 causa
1032 1364 1182 1401 timoris
1212 1371 1316 1402 erat:

533 1432 675 1469 Tristis
705 1443 823 1477 eram,
855 1430 949 1479 quia
977 1430 1095 1477 solus,
1127 1442 1248 1479 egens
1276 1430 1481 1476 solamine,
1511 1442 1631 1480 cogor

532 1497 650 1535 Tunc
680 1496 803 1545 magis
833 1496 986 1545 ignotas
1016 1502 1056 1533 vt
1085 1508 1206 1545 vagus
1237 1495 1291 1534 ire
1320 1496 1428 1534 vias:

533 1563 599 1600 Sic
628 1562 715 1599 loca
744 1567 916 1599 secretos
945 1567 1092 1609 augent
1121 1567 1272 1599 secreta
1301 1561 1469 1608 dolores,

532 1628 587 1666 Vt
616 1627 764 1666 releuet
793 1627 921 1664 luctus
952 1626 1121 1675 quisque
1150 1626 1296 1664 sodalis
1324 1626 1462 1665 abest:
1814 1631 1900 1671 1460

535 1694 625 1732 Fert
654 1699 799 1738 tamen,
831 1698 871 1730 vt
899 1704 1062 1741 possum
1092 1698 1240 1729 mestos
1270 1691 1505 1741 depromere
1533 1691 1675 1738 vultus,

533 1759 649 1797 Solus
678 1757 717 1795 in
749 1757 864 1795 exilio
892 1757 1036 1807 gaudia
1065 1769 1208 1806 magna
1237 1756 1362 1794 dolor.

534 1825 599 1863 Sic
627 1823 788 1861 lacrime
816 1822 997 1869 lacrimis,
1029 1822 1085 1859 sic
1114 1822 1243 1859 luctus
1273 1820 1445 1859 luctibus
1473 1828 1621 1869 assunt,

534 1890 644 1928 Dum
674 1900 827 1937 queror,
859 1893 898 1925 et
927 1899 1009 1924 non
1039 1892 1099 1924 est
1128 1887 1196 1936 qui
1226 1887 1475 1925 medicamen
1502 1893 1616 1936 agat;

537 1954 768 1993 Pectoribus
797 1952 1038 2001 lacrimeque
1066 1952 1177 2001 genis
1207 1950 1393 1990 labuntur
1421 1951 1570 2000 abone,

536 2021 645 2058 Dum
675 2018 800 2056 fuerat
829 2017 896 2055 fati
926 2030 1016 2066 spes
1045 2017 1206 2055 inimica
1234 2017 1367 2054 michi.
1576 2066 1583 2072 ι

536 2085 635 2123 Fine
664 2090 798 2121 carent
826 2082 996 2128 lacrime,
1030 2082 1104 2119 nisi
1133 2094 1225 2119 cum
1255 2089 1392 2132 stupor
1420 2082 1571 2120 obstitit
1600 2082 1686 2127 illis,

535 2152 617 2188 Aut
645 2148 782 2186 similis
812 2147 928 2185 morti
958 2154 1118 2196 pectora
1146 2154 1281 2196 torpor
1309 2147 1453 2186 habet:

535 2216 652 2253 Tunc
680 2213 824 2263 pariter
851 2212 1031 2250 lacrimas
1062 2224 1281 2261 vocemque
1312 2213 1502 2250 introrsus
1531 2212 1700 2260 abortas,

536 2279 692 2318 Extasis
721 2278 904 2326 exemplo
933 2277 1159 2326 comprimit
1188 2277 1272 2326 ipse
1301 2284 1441 2315 metus.
1814 2290 1899 2326 1470

538 2344 705 2384 Brachia
736 2343 887 2393 porrexi
918 2343 1086 2381 tendens
1116 2342 1168 2380 ad
1197 2343 1347 2380 lumina
1376 2343 1479 2390 solis,

538 2411 601 2457 Et,
632 2408 742 2458 quod
771 2408 904 2456 lingua
933 2407 1071 2457 nequit
1099 2419 1290 2456 promere,
1323 2408 1433 2456 signa
1453 2408 1610 2456 ferunt;

537 2476 724 2524 Cumque
753 2474 858 2511 ferus
886 2472 1065 2510 lacrimas
1094 2472 1216 2510 animi
1245 2472 1460 2510 siccauerat
1488 2473 1615 2520 ardor,

538 2541 740 2590 Singultus
768 2539 937 2587 reliquas
966 2539 1109 2576 clamat
1137 2537 1284 2576 habere
1312 2538 1427 2576 vices.

539 2605 751 2644 Pallidiora
777 2616 918 2654 gerens
947 2603 1145 2642 exhorruit
1174 2603 1331 2652 equoris
1360 2603 1482 2641 instar

540 2671 671 2709 Multa
699 2681 769 2719 per
797 2669 958 2707 interius
988 2681 1100 2707 mens
1130 2669 1273 2718 agitata
1301 2668 1414 2706 malis
1429 2682 1440 2716 ;

541 2735 725 2774 Discolor
754 2735 793 2771 in
824 2734 923 2772 facie
952 2734 1098 2772 macies
1127 2740 1414 2771 monstrauerat
1443 2740 1560 2781 extra,

540 2801 632 2849 Que
660 2799 784 2849 magis
814 2798 975 2837 obtruse
1003 2798 1147 2837 mentis
1175 2798 1227 2836 ad
1255 2810 1346 2848 yma
1374 2798 1521 2837 latent:

601 2875 682 2914 1461
709 2884 848 2915 possum
866 2874 963 2905 SHD
1008 2873 1136 2914 possim
1153 2873 1211 2905 CE
1348 2883 1429 2913 1477
1455 2878 1687 2905 monstauerat
1704 2873 1728 2905 S
