2095 3173
684 242 870 283 LIBER
911 239 1211 291 QUARTUS
1608 237 1685 285 169

330 352 424 389 Non
454 349 579 400 tetigit
607 350 758 387 loculos
790 360 976 386 nummus
1005 359 1135 396 neque
1163 345 1254 384 vina
1282 346 1467 395 palatum,

332 417 418 454 Nec
447 415 538 453 furit
566 414 605 452 in
635 414 780 452 lumbis
809 426 950 452 carnea
977 413 1137 450 flamma
1165 410 1270 449 suis:
1627 422 1688 444 100

334 480 426 518 Hiis
454 481 578 518 fuerat
607 486 742 517 sancta
769 492 880 517 mens
909 476 1154 528 propositum
1183 476 1285 513 bene
1314 486 1484 519 seruans,

333 547 554 584 Perdurans
582 544 621 582 in
651 544 757 582 idem
786 544 895 593 quod
924 544 1026 581 bene
1055 541 1159 592 cepit
1187 553 1296 590 opuS.

388 610 459 647 Hii
488 611 641 648 fuerant
669 608 851 647 homines
880 607 982 654 iusti,
1015 608 1208 645 mundum
1235 604 1438 656 fugienteS‚

333 676 446 724 Quos
475 682 728 725 peccatorum
757 675 887 711 nullus
917 679 1075 710 onustat
1104 685 1236 709 amor:

332 741 512 778 Mundus
541 753 622 777 non
651 738 810 777 retrahit
839 738 925 776 illos
954 752 977 776 a
1005 737 1158 776 tramite
1187 743 1305 783 recto,

332 806 427 843 Illos
456 818 530 843 nec
559 811 719 842 reuocat
743 804 794 842 ad
825 805 928 841 mala
955 804 1046 841 feda
1075 816 1188 840 caro:

331 869 478 908 Omnia
507 876 752 919 postponunt
780 882 857 918 que
887 869 1059 906 mundus
1088 880 1189 905 vana
1217 865 1420 911 ministrat,

332 936 383 973 Et
411 935 485 973 celi
514 936 642 973 solum
671 933 907 984 concupiere
936 935 1067 972 deum.

330 1001 446 1038 Tunc
475 1001 604 1050 pudor
632 999 671 1037 in
701 999 844 1049 stipula
872 1012 946 1037 nec
975 1007 1055 1037 erat
1084 997 1234 1048 cepisse
1264 996 1449 1046 quietem,

330 1066 417 1103 Nec
446 1067 580 1103 fenum
610 1064 728 1115 capiti
757 1063 1009 1114 supposuisse
1038 1077 1133 1101 suo:
1625 1074 1687 1096 110

329 1130 436 1168 Silua
464 1132 607 1169 domus
636 1131 770 1176 fuerat,
802 1129 913 1167 cibus
942 1129 1074 1175 herba,
1106 1127 1288 1166 cubicula
1315 1126 1485 1172 frondes,

330 1196 420 1243 Que
449 1196 562 1233 tellus
592 1195 699 1232 nulla
726 1193 931 1232 sollicitate
961 1193 1091 1231 dabat.

331 1261 379 1297 In
410 1273 554 1309 magno
585 1260 753 1299 Corulus
783 1259 915 1309 precio
944 1266 1039 1297 tunc
1069 1256 1199 1295 floruit
1228 1256 1313 1302 illis,

331 1326 520 1374 Duraque
550 1324 776 1375 magnificas
806 1337 972 1374 quercus
1002 1322 1175 1361 habebat
1204 1334 1324 1371 opes:

330 1390 529 1428 Arbuteos
558 1391 658 1428 fetus
688 1397 956 1438 montanaque
985 1389 1109 1438 fragra
1137 1387 1331 1437 legebant,

6 1504 11 1514 fl
331 1456 421 1503 Que
451 1454 612 1493 condita
640 1456 719 1493 sale
749 1468 822 1493 nec
852 1453 1059 1504 speciebus
1089 1460 1222 1491 erant:

8 1539 14 1705 ι
328 1520 369 1558 Si
399 1534 476 1570 que
505 1520 735 1559 deciderant
764 1521 897 1570 patule
928 1518 1036 1557 Iouis
1065 1519 1204 1556 arbore
1233 1518 1406 1567 glandes,

329 1586 560 1633 Sumebant,
592 1593 631 1624 et
659 1585 699 1623 in
729 1585 803 1623 hiis
833 1586 1069 1624 convaluere
1098 1583 1207 1622 cibis,

330 1651 519 1690 Contenti
546 1650 712 1690 modicis
742 1658 880 1689 natura
909 1657 1050 1700 sponte
1079 1649 1228 1697 creatis,

329 1717 546 1755 Soluebant
575 1729 732 1755 summo
760 1724 852 1755 vota
880 1715 1025 1766 pudica
1053 1717 1140 1754 deo.
1628 1726 1689 1750 120

330 1782 401 1820 Hii
431 1790 526 1820 tunc
555 1781 707 1820 iusticie
736 1781 898 1832 perfecti
927 1795 1047 1831 grana
1075 1788 1258 1827 serentes,

330 1848 495 1884 Fructus
525 1854 714 1885 centenos
743 1860 849 1884 nunc
879 1846 963 1884 sine
992 1847 1070 1884 fine
1099 1853 1279 1884 metunt:

329 1913 397 1950 Set
426 1919 537 1950 vetus
567 1912 632 1950 illa
661 1913 764 1950 salus
793 1911 1024 1958 animarum,
1056 1910 1253 1960 religionis

329 1978 420 2026 Que
448 1976 531 2024 fuit,
562 1976 717 2015 infirma
745 1990 861 2015 carne
890 1977 1053 2015 subacta
1081 1975 1190 2026 perit.

266 2133 346 2168 Hic
377 2133 559 2178 loquitur
590 2133 771 2177 qualiter
799 2134 946 2168 modus
976 2134 1018 2168 et
1046 2133 1203 2176 regula,
1233 2133 1302 2177 qui
1332 2144 1358 2168 a
1386 2132 1681 2168 fundatoribus

220 2193 379 2227 ordinis
411 2192 603 2238 primitus
635 2193 804 2227 fuerant
837 2192 1070 2236 constituti,
1103 2193 1187 2226 iam
1221 2192 1389 2227 nouiter
1422 2203 1449 2226 a
1480 2192 1685 2227 viciorum

220 2252 523 2287 consuetudine
548 2251 592 2285 in
618 2252 929 2297 quampluribus
954 2252 1266 2287 subuertuntur.

98 2338 225 2387 (japm.
248 2335 299 2373 iii.
386 2333 434 2369 In
463 2346 569 2370 noua
597 2331 832 2371 multociens
860 2331 1015 2370 animus
1044 2339 1226 2379 mutatur,
1258 2338 1296 2369 et
1324 2331 1418 2370 inde

330 2401 459 2439 Testis
488 2400 559 2439 erit
587 2398 772 2438 monachi
800 2399 933 2449 regula
961 2406 1069 2437 mota
1097 2397 1228 2436 michi.

331 2466 393 2505 Fit
422 2467 544 2504 modo
573 2473 723 2504 curtata
752 2465 1039 2503 monachorum
1069 2465 1201 2513 regula
1229 2463 1366 2513 prima,

332 2533 402 2570 Est
431 2545 522 2569 nam
550 2544 590 2569 re
619 2531 791 2580 dempta,
822 2529 877 2567 sic
907 2536 1040 2567 manet
1068 2528 1153 2578 ipsa
1180 2530 1270 2578 gula
1286 2543 1296 2576 3

331 2598 383 2634 Et
411 2598 554 2634 modus
583 2610 606 2634 a
634 2595 770 2634 modio
799 2594 1013 2644 largissima
1041 2593 1132 2632 vina
1160 2593 1336 2632 bibendo

333 2661 486 2699 Dicitur
514 2661 554 2699 in
584 2662 792 2708 monacho,
825 2660 892 2710 qui
920 2667 1029 2698 vorat
1057 2659 1208 2708 absque
1238 2659 1370 2697 modo.
1623 2676 1685 2707 130

331 2728 385 2764 Vt
414 2739 495 2764 non
524 2726 655 2775 lingua
683 2727 827 2776 loquax
855 2727 994 2765 dentes
1024 2723 1179 2762 turbare
1207 2725 1365 2772 gulosos

330 2791 470 2838 Possit,
501 2792 597 2829 dum
626 2792 802 2841 prandet,
834 2791 932 2829 ordo
961 2789 1073 2828 silere
1101 2788 1234 2827 iubet:

788 2909 848 2940 103
872 2899 924 2931 No
935 2905 1070 2941 paragr.
1090 2898 1115 2931 S
