2121 3173
458 220 539 262 '350
733 209 993 250 CARMEN
1037 208 1240 250 SUPER
1283 208 1650 249 MULTIPLICI

570 317 759 366 Dumque
787 315 1020 366 superbires,
1052 314 1182 353 subita
1211 314 1307 365 quin
1337 322 1440 353 sorte
1469 314 1638 365 perires:

569 383 668 420 Sunt
696 394 774 431 que
803 380 970 419 maiores
1000 379 1159 418 humilis
1189 379 1392 430 paciencia
1421 393 1549 418 mores

568 446 712 493 Nutrit‚
745 454 782 485 et
812 458 959 484 errores
988 445 1077 483 vicii
1106 445 1199 484 facit
1227 458 1313 484 esse
1342 444 1537 484 minores:

570 514 673 562 Ergo
703 519 810 549 tuam
840 523 931 549 vera
959 517 1135 549 mentem
1165 511 1370 549 moderare
1399 517 1542 549 statera
1557 525 1566 558 3
1869 527 1931 557 ¹40

569 576 625 615 Sit
654 577 737 614 laus
767 577 827 614 vel
857 576 976 623 labes,
1008 583 1168 626 pectore
1196 577 1354 627 pondus
1383 576 1518 614 habes.

598 697 756 734 Contra
781 698 923 733 carnis
946 697 1167 732 lasciuiam
1194 698 1237 731 in
1264 708 1397 733 causa
1422 697 1787 743 Concupiscencie.

622 773 659 812 O
690 784 820 811 SEXUS
848 772 1001 823 fragilis,
1031 786 1079 811 ex
1107 785 1188 823 quo
1215 781 1355 811 natura
1381 772 1500 811 virilis

569 840 724 879 Camea
750 837 941 888 procedit,
972 837 1103 876 anime
1132 851 1210 888 que
1238 839 1381 877 robora
1409 838 1527 877 ledit!

570 905 607 944 O
636 911 776 942 natura
802 902 873 941 viri
901 903 1078 950 carnalis,
1110 917 1188 953 que
1217 903 1379 942 stabiliri

571 971 665 1008 Non
693 971 806 1016 valet,
837 976 877 1008 vt
905 982 1003 1019 pura
1030 968 1201 1007 carnalia
1229 969 1306 1007 sint
1334 969 1409 1007 sibi
1437 969 1543 1008 iura!

572 1036 723 1074 Federa
751 1047 988 1085 sponsorum
1018 1048 1096 1085 que
1125 1042 1217 1073 sunt
1245 1042 1395 1074 sacrata
1423 1035 1606 1082 virorum,

573 1103 678 1148 Heu,
710 1113 801 1139 caro
830 1099 1022 1148 dissoluit,
1054 1114 1129 1139 nec
1155 1100 1210 1139 ibi
1240 1114 1310 1139 sua
1339 1101 1473 1140 debita
1503 1100 1644 1140 soluit:

571 1168 771 1216 Tempore
800 1165 971 1216 presenti
1000 1167 1051 1205 de
1080 1180 1197 1205 carne
1226 1166 1338 1217 quasi
1367 1166 1524 1205 furienti

572 1231 721 1282 Turpia
750 1238 841 1269 sunt
869 1233 990 1282 plura,
1023 1245 1101 1282 que
1129 1231 1284 1282 signant
1313 1233 1488 1282 dampna
1515 1232 1668 1270 futura:

574 1299 666 1336 Hec
694 1297 943 1348 desponsatis
973 1305 1064 1336 sunt
1093 1299 1310 1336 metuenda
1338 1298 1441 1336 satis.
1876 1313 1936 1344 150

628 1362 894 1414 Philosophus
924 1363 1086 1413 quidam
1117 1363 1243 1402 carnis
1273 1365 1323 1402 de
1351 1364 1441 1402 labe
1470 1377 1666 1402 remorsus

576 1427 707 1466 Plebis
736 1427 776 1465 in
806 1429 1032 1478 exemplum
1061 1428 1154 1466 talia
1181 1429 1301 1467 verba
1329 1430 1471 1468 refert:

577 1495 729 1530 ‘Vnam
759 1493 809 1531 de
838 1492 951 1531 variis
980 1506 1124 1543 penam
1154 1494 1312 1532 sortitur
1340 1496 1502 1541 adulter,

577 1557 672 1596 Eius
701 1565 741 1595 vt
769 1558 973 1607 amplexus
1003 1557 1132 1596 omnis
1161 1558 1201 1596 in
1231 1559 1326 1597 orbe
1355 1561 1437 1597 luat
1452 1574 1461 1607 3

575 1625 657 1661 Aut
686 1622 910 1661 membrum
939 1623 1088 1673 perdet,
1118 1631 1185 1661 aut
1214 1624 1378 1663 carceris
1406 1632 1518 1663 antra
1546 1623 1706 1671 subibit,

575 1689 657 1726 Aut
686 1689 801 1726 cadet
829 1687 991 1726 insanus
1020 1701 1102 1726 non
1131 1691 1373 1739 reputandus
1403 1691 1536 1736 homo,

576 1755 658 1791 Aut
687 1752 761 1791 sibi
790 1752 996 1803 pauperies
1026 1753 1266 1792 infortunata
1294 1754 1456 1802 resistet,

577 1820 658 1856 Aut
688 1817 859 1856 moriens
889 1818 1021 1857 subito
1049 1819 1186 1857 transit
1213 1820 1266 1858 ab
1294 1821 1390 1859 orbe
1418 1822 1531 1859 reuss

580 1885 630 1922 Et
659 1883 714 1922 sic
743 1883 912 1922 luxuries
942 1883 1057 1923 fatuis
1087 1898 1158 1923 sua
1186 1886 1293 1924 dona
1321 1886 1504 1933 refundit,

577 1948 705 1987 Vertit
734 1956 771 1987 et
801 1956 962 1987 econtra
990 1949 1180 2000 quicquid
1209 1951 1261 1989 ab
1289 1959 1381 1990 ante
1410 1951 1507 1989 tulit.
1880 1958 1942 1989 160

579 2015 701 2064 Quod
730 2013 836 2063 prius
865 2021 923 2052 est
952 2015 1080 2062 dulce,
1110 2016 1356 2054 demonstrat
1384 2016 1472 2055 finis
1500 2029 1694 2064 amarum,

580 2081 673 2129 Quo
702 2091 792 2117 caro
821 2092 903 2117 non
932 2086 1097 2126 tantum,
1130 2080 1286 2131 spiritus
1316 2080 1440 2120 immo
1469 2081 1598 2121 cadit:

579 2143 643 2182 Sic
672 2144 810 2182 oculus
839 2143 968 2182 cordis
998 2144 1125 2183 carnis
1155 2145 1321 2196 caligine
1350 2159 1467 2185 cecus

581 2209 704 2255 Errat,
735 2216 774 2247 et
802 2208 843 2246 in
872 2210 1092 2259 dampnum
1122 2210 1271 2249 decidit
1298 2210 1383 2262 ipse
1411 2225 1552 2250 suum:

581 2273 644 2312 Sic
673 2273 785 2311 iubar
814 2273 978 2311 humani
1007 2287 1144 2313 sensus
1173 2276 1346 2314 fuscatur
1373 2276 1414 2314 in
1443 2276 1579 2314 vmbra

582 2337 731 2385 Carnis,
763 2345 802 2377 et
830 2338 870 2376 in
899 2352 1058 2378 carnem
1087 2352 1200 2378 mens
1228 2340 1396 2379 racionis
1424 2341 1516 2379 abit.

582 2405 691 2441 Dum
720 2402 885 2441 carnalis
913 2416 1025 2442 amor
1053 2403 1229 2442 animum
1259 2412 1367 2444 tenet
1396 2405 1661 2456 illaqueatum,

582 2468 736 2506 Sensati
763 2468 869 2507 racio
898 2469 942 2507 fit
970 2468 1138 2507 racionis
1166 2483 1285 2520 egens
1300 2484 1311 2518 3

584 2534 698 2572 Stans
727 2533 900 2572 hominis
929 2533 1034 2573 racio
1062 2535 1212 2573 calcata
1239 2548 1308 2586 per
1336 2535 1471 2574 omnia
1498 2536 1605 2575 carni

583 2596 720 2644 Seruit‚
753 2605 791 2636 et
819 2597 960 2637 ancille
989 2598 1052 2637 vix
1079 2606 1188 2638 tenet
1216 2598 1302 2650 ipsa
1329 2601 1472 2638 locum.
1883 2615 1944 2649 170

583 2662 677 2700 Non
705 2663 815 2701 locus
844 2670 903 2702 est
930 2663 971 2701 in
1000 2677 1081 2714 quo
1109 2671 1296 2703 maneant
1322 2673 1512 2704 consueta
1539 2665 1665 2705 libido

523 2762 584 2800 138
594 2762 614 2792 s.
644 2762 720 2793 Two
743 2763 824 2794 lines
847 2774 913 2797 om.
933 2764 988 2796 FL
1039 2764 1104 2796 The
1125 2765 1241 2797 section
1258 2765 1292 2797 11.
1312 2766 1505 2805 142-2241'8
1519 2765 1656 2798 omitted
1675 2765 1745 2798 here
1768 2767 1802 2798 in
1825 2765 1853 2798 E
1877 2767 1948 2798 and

476 2813 616 2844 inserted
635 2814 719 2852 after
738 2813 760 2846 l.
784 2824 845 2854 321
983 2826 1044 2856 143
1069 2816 1151 2857 legit
1175 2817 1202 2848 C
1338 2826 1400 2858 154
1424 2818 1536 2850 omnis
1561 2818 1677 2851 SFLB
1723 2819 1821 2850 viuus
1847 2818 1942 2850 CEH

479 2875 541 2905 159
565 2865 665 2896 fatuis
680 2875 749 2898 om.
768 2865 794 2896 F
