2095 3173
580 230 769 272 LIBER
809 230 1083 272 TERClus
1488 244 1563 281 129

206 339 268 378 Sis
297 338 384 388 pius
413 345 452 377 et
481 338 652 388 paciens,
683 344 750 376 tua
779 338 907 388 sitque
935 337 1131 376 modestia
1158 336 1312 375 cunctis

207 404 445 453 Exemplum
475 404 593 453 pacis,
625 403 738 441 duret
766 408 807 440 vt
836 403 901 440 illa
929 402 1076 452 magis.'

207 469 300 507 Hec
328 469 382 506 ita
411 480 502 505 cum
532 468 618 518 legi,
650 467 860 506 confestim
888 479 953 505 me
982 473 1118 516 stupor
1146 472 1269 517 vrget‚

206 533 387 581 Qualiter
414 533 455 570 in
484 532 589 570 clero
617 531 722 570 bella
750 532 882 570 videre
910 543 1038 580 queo:
1499 535 1563 566 810

206 598 383 646 Querere
411 597 468 635 sic
495 597 601 635 volui
631 597 681 635 de
710 597 826 644 clero,
857 596 946 645 quis
975 596 1073 634 foret
1103 596 1168 634 ille

208 662 288 710 Qui
318 662 438 700 michi
466 673 700 711 responsum
729 661 780 700 de
808 661 968 699 racione
997 660 1119 699 daret.

206 727 375 776 Questio
404 732 513 764 mota
541 726 623 773 fuit,
656 738 735 775 qua
764 732 920 775 sumpta
948 726 1112 764 clericus
1140 737 1240 764 vnus

205 793 320 830 Astat
348 798 388 830 et
416 791 607 841 oppositis
636 797 880 840 prompserat
908 791 981 829 ista
1010 791 1132 838 meis;

204 857 442 907 Supponens
471 856 606 906 primis
635 856 745 906 quod
774 856 809 894 ei
838 856 887 894 sit
915 856 1074 894 culmen
1103 855 1265 894 honoris

205 922 408 960 Pontificis
438 921 592 968 summi,
624 922 715 959 talia
744 921 840 959 dixit
869 920 937 960 ibi.

262 987 440 1026 ‘Diuidit
468 987 676 1035 imperium
706 993 858 1024 terrena
886 987 1070 1036 potencia
1097 998 1267 1032 mecum,

204 1054 375 1102 Iureque
403 1052 569 1091 celicolo
598 1050 756 1090 subdita
784 1063 903 1101 regna
931 1052 1047 1099 colo;

204 1118 272 1156 Set
300 1118 393 1167 quia
420 1124 520 1155 terra
549 1129 672 1166 prope
701 1129 773 1154 nos
803 1123 861 1154 est
890 1117 1100 1164 celumque
1129 1121 1336 1161 remotum,

204 1183 296 1231 Que
324 1183 448 1232 magis
477 1188 536 1220 est
565 1181 680 1220 nobis
710 1189 808 1219 terra
837 1181 1058 1229 propinqua
1086 1180 1225 1228 placet.
1498 1184 1563 1215 820

209 1248 313 1286 Aula
341 1247 462 1285 michi
488 1247 656 1296 grandis,
688 1245 867 1284 sublimis
897 1251 935 1282 et
963 1251 1045 1282 arte
1073 1244 1228 1290 decora,

205 1313 363 1351 Nobilis
392 1319 450 1350 est
479 1312 685 1358 thalamus,
717 1311 847 1349 mollis
876 1317 914 1348 et
943 1310 1027 1359 ipse
1055 1310 1216 1348 thorus:

203 1378 258 1415 Vt
287 1378 467 1426 placeant
496 1376 553 1414 ori
582 1387 660 1425 que
689 1375 857 1424 postulo,
889 1375 940 1413 de
968 1375 1120 1412 meliori

206 1442 370 1480 Fercula
399 1442 505 1479 lauta
533 1440 625 1478 cibo
654 1447 745 1478 sunt
774 1440 906 1487 michi,
937 1440 1029 1477 vina
1057 1438 1178 1477 bibo:

205 1508 266 1545 Ex
293 1507 428 1545 auium
456 1518 610 1556 genere,
642 1506 693 1544 de
721 1504 896 1555 piscibus
925 1517 1045 1543 omne
1074 1502 1244 1549 salubre,

204 1573 258 1610 Vt
286 1572 410 1621 magis
440 1578 498 1610 est
527 1570 727 1620 placitum,
759 1570 856 1608 dant
885 1570 1005 1607 michi
1034 1569 1133 1607 ferre
1162 1567 1319 1606 cibum:

203 1637 364 1687 Singula
393 1649 471 1686 que
499 1648 642 1686 genera
670 1635 750 1673 vini
779 1636 847 1673 dat
875 1634 1034 1684 potibus
1064 1647 1139 1672 vua

203 1702 390 1751 Optineo,
423 1701 533 1751 quod
562 1701 602 1738 in
632 1700 706 1738 hiis
736 1700 785 1738 sit
814 1700 934 1737 michi
963 1699 1071 1737 nulla
1100 1699 1192 1737 sitis.

203 1766 302 1804 Sunt
331 1766 452 1803 michi
480 1766 654 1803 carmina
682 1777 869 1811 consona,
899 1764 1086 1813 fimpana,
1116 1764 1273 1812 letaque
1302 1774 1424 1808 musa,

204 1832 358 1869 Histrio
387 1831 454 1869 dat
484 1831 596 1868 variis
625 1830 779 1867 cantica
807 1830 924 1878 plena
953 1829 1074 1867 iocis:
1500 1831 1565 1870 830

206 1897 297 1945 Que
326 1908 447 1943 mare,
476 1902 576 1933 terra
605 1895 715 1943 parit,
748 1894 910 1932 meliora
938 1894 1000 1931 vel
1028 1905 1118 1931 aera
1146 1892 1299 1939 format,

205 1963 306 2000 Sunt
335 1961 455 1998 michi
485 1967 667 2009 prompta
696 1960 792 2005 foro,
825 1959 925 1997 sicut
954 1958 1101 1996 habere
1130 1958 1230 1996 volo.

205 2027 277 2064 Est
306 2026 426 2063 michi
455 2026 580 2072 vinea,
613 2031 703 2063 sunt
733 2024 912 2062 viridaria
941 2024 1050 2062 fonte
1079 2023 1240 2069 reclusa,

205 2091 296 2139 Que
324 2097 417 2140 peto
446 2090 497 2128 de
526 2090 678 2127 mundo
707 2095 850 2126 cuncta
879 2094 1012 2126 tenere
1038 2099 1165 2136 queo:

205 2157 276 2194 Est
306 2155 427 2193 michi
455 2155 649 2193 fecundus
679 2153 878 2192 dotalibus
908 2159 1015 2190 ortus
1045 2153 1085 2189 in
1115 2152 1225 2201 agris,

206 2222 440 2270 Pompaque
468 2226 697 2266 castrorum,
729 2230 907 2256 summus
937 2224 975 2255 et
1004 2217 1108 2255 vrbis
1138 2218 1288 2255 honor:

209 2286 316 2324 Silua
344 2285 454 2331 feras,
487 2285 665 2323 volucres
695 2295 760 2321 aer
789 2283 961 2331 suscepit
990 2280 1205 2328 habendas,

208 2351 259 2388 Et
288 2362 395 2388 mare
425 2362 543 2399 quam
573 2349 818 2398 variovpisce
847 2347 1011 2396 repleuit
1040 2359 1176 2395 aquas.

205 2417 273 2454 Set
301 2416 388 2453 loca
418 2428 499 2453 non
529 2421 683 2452 tantum
713 2412 839 2460 nobis,
873 2425 946 2451 nec
977 2419 1014 2450 et
1044 2412 1108 2448 illa
1136 2416 1265 2449 creata

207 2479 422 2526 Sufficiunt,
454 2479 536 2516 auri
567 2479 643 2516 sint
673 2477 747 2515 nisi
777 2478 883 2515 dona
912 2476 1042 2514 lucri.
1500 2480 1565 2519 840

262 2545 390 2582 ‘Ecce
419 2544 520 2581 fores
550 2544 664 2593 large,
696 2555 793 2592 quas
823 2547 951 2580 seruat
981 2541 1123 2578 ianitor
1150 2547 1242 2586 arte,

210 2610 275 2648 Sic
303 2616 343 2646 vt
373 2609 412 2646 in
442 2609 512 2646 has
541 2621 690 2657 pauper
719 2608 848 2644 nullus
878 2605 1041 2644 habebit
1070 2606 1164 2642 iter:

211 2674 330 2714 Curia
361 2686 460 2723 quos
490 2672 672 2722 reprobat
702 2673 777 2710 isto
807 2682 989 2710 sermone
1017 2670 1179 2718 repellit,

209 2739 353 2777 “State
381 2738 494 2785 foras,
525 2738 648 2784 vacui,
680 2737 823 2775 flebitis
852 2742 943 2773 ante
973 2735 1110 2772 fores.'’

209 2805 299 2853 Que
329 2816 410 2841 non
440 2803 546 2841 dona
575 2815 737 2840 manum
767 2806 964 2851 presentat
994 2800 1134 2838 ianitor
1162 2799 1269 2837 illam

643 2877 708 2916 840
732 2876 832 2917 lucri]
851 2876 907 2907 dei
924 2874 1020 2907 EHT

159 2932 254 2955 *Νι*
817 2943 845 2969 K
