2095 3173
411 212 465 249 30

886 212 1016 253 VOX
1058 213 1416 255 CLAMANTIS

522 319 647 356 Fedat
677 325 715 357 et
745 319 852 356 hunc
881 319 1003 357 cicius
1033 319 1101 368 qui
1131 320 1254 369 magis
1283 327 1396 358 ornat
1427 332 1531 359 eum.

520 384 683 422 Forcius
713 397 805 434 ergo
835 385 952 422 timor
981 385 1188 422 stimulans
1218 392 1380 422 acuatur
1410 386 1449 423 in
1481 386 1599 435 ipsos,

521 451 572 487 Et
602 457 753 499 premat
782 450 855 487 hos
883 450 1054 499 grauitas
1084 462 1185 499 quos
1215 450 1306 488 furit
1337 451 1400 488 illa
1431 451 1567 500 quies:

521 515 603 563 Qui
633 515 879 564 premunitur
908 527 990 553 non
1021 515 1166 553 fallitur
1194 515 1435 565 ingeniosus,

520 582 596 619 Per
624 581 726 618 mala
756 581 939 630 preterita
968 581 1142 631 dampna
1171 581 1300 619 futura
1329 589 1454 621 cauet.

521 647 668 684 Dextra
698 652 831 684 tamen
862 646 1015 684 domini
1045 647 1229 685 virtutem
1259 647 1362 694 fecit,
1394 654 1435 686 vt
1465 648 1529 685 illa

518 713 555 749 A
585 724 649 749 me
678 711 858 750 transiret
887 712 1004 761 plena
1034 713 1163 750 furore
1192 712 1302 751 dies:
1799 729 1886 752 2110

519 777 724 816 Contritus
753 777 918 826 laqueus
949 784 1018 824 est,
1050 790 1073 815 a
1102 790 1182 827 quo
1212 777 1311 816 liber
1339 777 1459 826 ablui,

518 843 571 880 Et
599 843 705 880 velut
734 855 757 880 a
787 855 957 892 sompno
987 856 1076 881 sum
1105 850 1320 881 renouatus
1350 844 1483 882 homo.

517 909 571 946 Vt
600 908 726 946 cecidi
756 908 901 956 subito,
933 908 1053 947 subiti
1083 909 1325 947 releuamina
1353 921 1468 946 casus

519 975 599 1011 Dat
629 974 739 1020 deus,
771 980 809 1012 et
838 974 993 1022 lapsum
1022 973 1205 1012 subleuat
1234 973 1319 1023 ipse
1348 974 1518 1024 pedem:

517 1039 662 1077 Viuere
692 1052 799 1076 nunc
827 1039 945 1077 video
974 1039 1095 1076 michi
1124 1051 1351 1088 sompnum,
1383 1052 1490 1076 nunc
1518 1046 1616 1090 puto
1646 1041 1767 1079 vitam

518 1105 618 1143 Esse
647 1117 790 1148 meam,
821 1104 977 1142 nouitas
1007 1117 1075 1142 cor
1103 1105 1224 1142 michi
1254 1111 1363 1142 tanta
1392 1112 1527 1144 tenet:

518 1171 589 1209 Me
618 1171 732 1220 polus
761 1169 943 1217 absoluit,
975 1170 1158 1219 quamuis
1188 1183 1257 1208 sua
1285 1171 1451 1208 fulmina
1481 1171 1598 1219 misit,

516 1237 654 1274 Terret
684 1248 758 1274 nec
788 1235 923 1273 nocuit
952 1235 1018 1273 illa
1046 1236 1219 1285 procella
1248 1236 1380 1274 michi.

572 1302 653 1350 Qui
683 1302 804 1340 michi
834 1302 1045 1339 consilium
1074 1302 1236 1340 viuendi
1266 1302 1361 1340 mite
1391 1302 1550 1350 dedisti,

517 1368 620 1406 Cum
651 1367 750 1406 foret
779 1367 819 1404 in
849 1367 993 1405 misero
1022 1374 1183 1416 pectore
1213 1367 1348 1405 mortis
1377 1380 1500 1414 amor,
1796 1383 1882 1406 2120

516 1434 588 1471 Est
617 1433 748 1480 michi,
781 1432 891 1482 quod
919 1433 1058 1471 viuens
1087 1432 1159 1471 tibi
1189 1433 1267 1470 iam
1296 1445 1367 1482 pro
1398 1445 1562 1471 munere
1591 1433 1730 1472 laudes

515 1499 674 1546 Reddo,
706 1499 817 1548 quod
845 1498 1004 1536 vlterius
1034 1498 1086 1536 sis
1116 1498 1236 1536 michi
1266 1498 1345 1536 vita
1375 1499 1499 1537 deus:

515 1564 671 1601 Gaudia
701 1575 824 1612 posco
853 1563 974 1601 michi
1002 1575 1182 1611 renoues,
1213 1563 1323 1610 deus,
1355 1570 1414 1601 est
1443 1563 1535 1613 quia
1564 1564 1685 1613 longo

514 1630 714 1678 Tempore
743 1629 873 1667 leticie
901 1629 1018 1667 ianua
1047 1629 1179 1666 clausa
1208 1640 1308 1666 mee.

514 1695 551 1734 O
582 1706 671 1733 mea
700 1695 731 1732 si
760 1695 886 1741 tellus,
917 1707 1037 1744 quam
1067 1707 1148 1732 non
1178 1692 1384 1732 absorbuit
1413 1706 1549 1743 equor,

516 1760 663 1799 Debita
693 1761 807 1798 sciret
837 1773 885 1798 eo
915 1761 1080 1799 reddere
1108 1766 1200 1798 vota
1229 1760 1331 1798 deo!

514 1826 733 1875 Castigauit
762 1838 850 1864 eam
880 1826 1078 1873 dominus,
1111 1838 1185 1863 nec
1214 1825 1254 1862 in
1283 1825 1411 1863 vlcera
1442 1825 1578 1863 mortis

514 1893 631 1930 Tunc
661 1892 833 1938 tradidit,
865 1898 923 1929 set
951 1891 1083 1929 adhuc
1112 1890 1262 1929 distulit
1294 1891 1348 1927 ira
1377 1902 1552 1928 manum.

515 1957 719 2007 Quicquid
747 1963 865 2006 agant
894 1957 1022 1994 laudis
1051 1957 1127 2003 alii,
1159 1968 1241 1994 non
1271 1956 1356 2005 ipse
1384 1955 1537 2003 tacebo,

515 2024 647 2071 Quem
678 2022 776 2060 deus
806 2022 846 2059 in
876 2022 983 2059 furiis
1013 2022 1129 2060 vulsit
1158 2021 1209 2060 ab
1239 2034 1306 2060 ore
1335 2022 1478 2061 maris:
1794 2036 1880 2068 2130

514 2088 581 2126 Set
610 2088 703 2137 quia
728 2094 823 2124 tunc
852 2087 966 2124 variis
995 2087 1157 2125 tumidis
1186 2086 1360 2124 iactabar
1389 2087 1430 2124 in
1459 2087 1586 2133 vndis,

515 2153 606 2200 Que
636 2164 723 2190 mea
753 2164 866 2189 mens
896 2152 1036 2198 hausit,
1069 2152 1147 2188 iam
1176 2152 1348 2189 resoluta
1377 2158 1524 2189 vomet.

514 2219 585 2255 Me
614 2218 705 2255 licet
733 2217 839 2254 vnda
868 2217 986 2254 maris
1014 2216 1153 2265 rapuit,
1185 2228 1273 2254 mea
1302 2216 1467 2254 numina
1495 2216 1627 2263 laudo,

515 2281 721 2320 Fluctibus
750 2281 953 2330 ingenium
984 2293 1065 2319 non
1094 2281 1286 2318 cecidisse
1315 2293 1461 2318 meum.

514 2349 623 2385 Dum
653 2359 741 2385 mea
770 2359 882 2384 mens
912 2358 1066 2384 memor
1094 2352 1163 2393 est,
1195 2345 1372 2384 scribens
1402 2347 1661 2385 memoranda
1692 2347 1857 2395 notabit,

515 2415 563 2452 In
594 2413 725 2462 specie
754 2412 912 2461 sompni
942 2424 1019 2461 que
1048 2411 1248 2460 vigilando
1277 2411 1389 2460 quasi

513 2478 694 2527 Concepi
723 2478 904 2527 pauidus,
936 2489 1009 2514 nec
1039 2476 1136 2514 dum
1166 2482 1299 2514 tamen
1330 2476 1424 2514 inde
1453 2477 1611 2526 quietus

515 2545 663 2591 Persto,
695 2549 754 2581 set
782 2541 980 2581 absconso
1010 2541 1163 2591 singula
1191 2541 1313 2580 corde
1343 2542 1436 2580 fero.

514 2609 608 2647 Non
638 2608 822 2647 dedimus
852 2620 1022 2656 sompno
1051 2619 1148 2656 quas
1178 2619 1370 2656 sompnus
1400 2608 1571 2656 postulat
1601 2609 1727 2656 horas,

514 2675 613 2712 Tale
642 2674 732 2712 licet
761 2673 939 2722 sompnis
969 2673 1076 2722 fingo
1105 2672 1238 2710 videre
1268 2673 1428 2711 malum.
1789 2690 1874 2721 2140

514 2738 551 2777 O
581 2739 716 2788 vigiles
746 2738 914 2788 sompni,
946 2750 1015 2787 per
1044 2750 1144 2786 quos
1173 2737 1294 2774 michi
1323 2737 1421 2776 visio
1451 2739 1559 2777 nulla

514 2803 753 2853 Sompniferi
782 2803 936 2853 generis
965 2809 1025 2842 set
1053 2802 1249 2852 vigilantis
1280 2805 1383 2841 erat!

880 2888 967 2918 2123
991 2888 1140 2909 renones
1158 2882 1211 2909 est
1227 2880 1256 2909 ct
1270 2878 1350 2918 quia
1369 2878 1399 2909 D
