2095 3173
715 214 903 255 LIBER
945 215 1186 256 PRIMUS
1628 230 1686 274 45

322 322 527 360 Murmure
556 333 646 360 saxa
675 327 828 368 sonant,
860 322 1034 360 sonitum
1064 334 1142 372 que
1171 321 1394 361 reuerberat
1422 335 1498 369 aer,

322 388 657 437 Responsumque
687 388 774 425 soni
803 387 987 425 vendicat
1018 387 1155 425 Eccho
1184 387 1282 425 sibi:

323 452 424 490 Inde
453 452 604 502 fragore
632 453 760 502 grauis
789 452 972 501 strepitus
1002 452 1089 490 loca
1118 452 1294 501 proxima
1323 459 1453 500 terret,

323 516 416 564 Quo
445 518 558 555 timet
587 523 777 556 euentum
808 517 987 566 quisquis
1016 518 1124 555 adire
1154 518 1314 556 malum.
1616 526 1680 556 820

320 581 549 631 Contigerat
578 583 708 631 plures
738 582 898 619 infamia
926 582 1114 631 temporis
1143 583 1271 628 huius,

320 647 411 694 Que
441 647 547 684 velut
577 659 624 685 ex
653 646 838 684 monstris
868 646 1095 696 obstipuere
1124 648 1258 697 magis.

318 712 526 749 Terruerat
556 724 718 761 magnas
747 712 871 750 nimio
901 724 968 761 pre
997 712 1154 751 turbine
1181 720 1319 762 gentes

320 776 526 824 Graculus,
557 789 579 814 a
608 778 720 815 cuius
750 777 916 815 nomine
946 784 1045 816 terra
1075 779 1216 816 tremit.

319 842 474 880 Rumor
502 842 530 880 it
559 849 597 880 et
626 855 807 892 proceres
835 842 1084 881 sermonibus
1113 851 1282 893 occupat
1311 856 1461 891 omnes,

319 907 542 946 Consilium
571 908 727 957 sapiens
756 920 830 946 nec
860 908 1047 957 sapientis
1077 915 1168 946 erat.

319 971 445 1011 Casus
475 972 675 1011 inauditus
705 973 944 1022 stupefactas
974 973 1168 1022 ponderat
1195 986 1324 1022 aures,

319 1038 370 1076 Et
401 1039 507 1076 venit
534 1039 586 1076 ad
616 1051 754 1077 sensus
784 1039 904 1077 durus
933 1038 984 1077 ab
1013 1051 1106 1076 aure
1135 1051 1269 1088 pauor.

317 1103 567 1153 Attemptant
596 1104 806 1151 medicare,
837 1104 908 1142 sed
937 1103 1216 1142 inmedicabile
1245 1104 1477 1154 dampnum,

317 1168 483 1218 Absque
512 1181 632 1207 manu
659 1169 805 1207 medici
833 1181 1006 1218 curaque
1035 1176 1162 1207 cessat
1192 1168 1257 1207 ibi.
1613 1176 1678 1216 830

254 1305 331 1340 Hic
357 1305 458 1340 dicit
483 1306 710 1340 secundum
738 1306 947 1340 visionem
977 1306 1157 1350 sompnii
1187 1306 1367 1350 qualiter
1401 1306 1507 1341 furie
1537 1317 1679 1350 supra-

208 1364 317 1399 dicte
356 1374 559 1408 precones
597 1364 677 1399 sibi
715 1367 758 1399 et
791 1364 983 1399 tribunos
1023 1364 1354 1405 constituebant,
1389 1367 1431 1400 et
1471 1366 1677 1409 quomodo

207 1432 332 1458 senes
350 1425 392 1457 et
410 1423 582 1458 iuuenes
600 1433 741 1458 eorum
759 1424 928 1458 fuerunt
946 1423 1113 1457 armati.

13 1531 15 1536 ,
70 1505 199 1553 Cap¹¹¹.
222 1504 282 1541 xii.

371 1504 480 1542 Inter
509 1516 578 1542 eos
607 1510 784 1542 statuunt
813 1516 1006 1553 precones
1035 1509 1155 1553 atque
1184 1503 1378 1551 tribunos,

318 1570 369 1607 Et
397 1582 468 1619 pro
497 1569 583 1619 lege
611 1581 728 1606 suum
757 1569 856 1607 velle
884 1569 1001 1607 licere
1030 1567 1179 1607 iubent.

318 1635 412 1673 Hoc
441 1647 511 1673 sua
540 1635 623 1673 iura
651 1635 781 1673 ferunt
810 1635 992 1684 preconis
1023 1646 1132 1682 voce,
1164 1634 1274 1684 quod
1304 1635 1434 1673 omnis

317 1700 374 1738 Sit
403 1700 546 1738 domus
576 1706 713 1738 exusta
742 1712 820 1750 que
849 1700 1050 1739 maledicit
1078 1700 1157 1738 eis:

319 1763 399 1810 Qui
429 1763 557 1800 scelus
587 1763 742 1801 illorum
772 1775 854 1801 non
884 1763 1067 1801 fortificat
1097 1763 1319 1808 sceleratus,

317 1828 576 1876 Decapitatus
605 1827 687 1874 erit,
719 1835 757 1866 et
786 1828 930 1866 domus
959 1828 1049 1877 igne
1078 1828 1188 1876 perit.

316 1891 575 1931 Constituunt
603 1892 732 1930 socios
761 1892 917 1930 sceleris
945 1892 1191 1941 comitesque
1219 1891 1370 1937 furoris,

316 1958 376 1995 Ex
405 1969 573 2006 quorum
603 1956 787 1995 manibus
816 1957 987 2006 pendeat
1017 1957 1122 1995 istud
1151 1969 1263 2006 opus.

318 2023 409 2060 Hac
437 2034 598 2072 quoque
626 2023 677 2061 de
705 2034 823 2060 causa
852 2022 931 2060 vidi
962 2034 1081 2072 quam
1110 2022 1279 2071 plurima
1309 2021 1492 2070 dampna,

318 2088 427 2125 Dum
456 2100 575 2137 preco
605 2088 700 2126 fatui
730 2088 874 2125 clamat
904 2088 944 2125 in
972 2099 1065 2125 aure
1095 2087 1191 2125 fori:
1611 2093 1675 2132 840

316 2153 505 2191 Rusticus
535 2153 720 2199 intonuit,
752 2153 867 2191 datus
897 2158 956 2191 est
984 2152 1089 2190 celer
1118 2152 1217 2202 ignis
1247 2151 1288 2188 in
1318 2151 1424 2198 edes,

315 2218 459 2268 Fitque
487 2225 649 2268 repente
679 2231 810 2265 sonus,
843 2218 960 2267 plena
989 2218 1031 2256 fit
1061 2218 1150 2267 igne
1180 2218 1336 2256 domus.

372 2284 464 2321 Hec
492 2283 567 2321 sibi
595 2283 789 2322 rusticitas
818 2283 965 2321 furiens
994 2282 1202 2329 statuebat,
1234 2289 1274 2320 vt
1303 2282 1432 2320 omnis

317 2346 369 2384 Et
397 2352 510 2384 vetus
539 2352 578 2384 et
607 2346 761 2384 iuuenis
790 2358 868 2395 que
895 2346 999 2383 valet
1026 2358 1135 2383 arma
1164 2345 1282 2383 ferat:

317 2411 387 2449 Hii
417 2411 528 2461 palos
557 2419 707 2450 veteres
735 2418 900 2461 gestant,
932 2411 1000 2460 qui
1030 2417 1121 2448 sunt
1150 2410 1334 2455 veterani,

315 2477 396 2514 Aut
425 2482 566 2514 contos
595 2476 715 2514 cicius
745 2488 864 2526 quam
894 2475 968 2514 sibi
997 2476 1099 2514 desit
1128 2487 1241 2513 onus.

316 2540 500 2579 Membra
528 2542 662 2580 leuant
691 2540 842 2579 baculis
871 2541 1043 2590 fessique
1072 2539 1261 2578 senilibus
1290 2538 1415 2584 annis,

316 2606 441 2654 Quos,
473 2606 579 2644 velut
607 2613 666 2645 est
694 2607 842 2653 ouium,
873 2606 990 2644 tussis
1019 2605 1153 2643 eundo
1183 2610 1304 2642 notat.

317 2671 506 2709 Rusticus
535 2671 599 2709 hic
628 2672 790 2710 veniens
819 2671 891 2710 fert
921 2681 1181 2718 euersamque
1210 2669 1445 2718 pharetram,

251 2768 314 2806 817
331 2767 479 2798 sonitum
495 2777 627 2807 quoque
641 2768 792 2799 verberat
810 2768 841 2798 D
930 2768 989 2798 821
1009 2767 1196 2805 Congestat
1214 2766 1245 2796 D
1339 2766 1402 2796 822
1420 2765 1631 2805 obstupuere
1648 2765 1674 2796 C

208 2821 271 2860 824
296 2820 331 2850 in
349 2819 444 2850 cuius
462 2819 523 2850 DT
653 2820 716 2859 837
741 2820 862 2851 celeris
879 2819 906 2850 C
1046 2818 1197 2850 surorum
1216 2817 1246 2847 D
1386 2818 1452 2857 846
1476 2817 1626 2849 conchos
1645 2817 1674 2848 D

208 2872 268 2903 sibi
287 2882 352 2903 om.
374 2872 404 2902 D
424 2872 546 2913 (marg.
563 2871 652 2903 rubr.
670 2871 796 2903 Deficit
810 2871 845 2902 in
863 2870 975 2912 copia)
