2095 3173
695 215 881 256 LIBER
923 214 1206 266 QUINTUS
1601 231 1677 257 201

264 719 492 762 Postquam
525 718 679 753 dictum
707 718 774 753 est
800 717 850 752 de
879 718 962 752 illis
993 719 1063 762 qui
1088 718 1131 752 in
1161 720 1278 753 statu
1306 719 1404 753 cleri
1433 728 1577 762 regere
1606 718 1683 762 spi·

218 777 392 812 ritualia
419 777 628 817 deberent,
651 776 868 811 dicendum
893 779 959 811 est
976 777 1060 811 iam
1079 778 1128 812 de
1146 777 1228 811 hiis
1246 777 1314 820 qui
1335 778 1378 811 in
1397 778 1517 812 statu
1532 777 1683 812 milicie

219 835 468 879 temporalia
487 834 706 870 defendere
725 837 767 870 et
785 837 1037 879 supportare
1055 837 1263 871 tenentur.

123 1087 254 1135 Capm.
276 1088 298 1125 i.

698 981 862 1028 Incipit
886 980 997 1019 liber
1026 981 1233 1031 Quintus.

459 1087 527 1125 uid
557 1087 605 1125 sit
634 1087 685 1125 de
714 1087 819 1125 clero
848 1086 939 1133 dixi,
970 1087 1181 1135 dicamque
1210 1087 1387 1125 secundo

486 1153 704 1201 Quomodo
735 1151 930 1189 Militibus
958 1153 1147 1201 competit
1176 1152 1275 1190 ordo
1303 1160 1427 1190 vetus.

330 1219 462 1256 Primo
491 1218 635 1255 milicia
663 1230 808 1267 magno
838 1218 879 1255 fit
908 1218 1059 1255 honore
1087 1224 1244 1266 parata3

329 1284 400 1321 Est
428 1283 552 1321 tribus
581 1296 628 1321 ex
657 1283 784 1320 causis
813 1283 896 1331 ipsa
925 1289 1068 1320 statuta
1098 1283 1214 1331 prius.

330 1349 510 1386 Ecclesie
539 1349 664 1397 prima
693 1348 814 1386 debet
843 1347 1057 1386 defendere
1086 1348 1179 1392 iura,

332 1415 383 1452 Et
413 1427 629 1452 commune
659 1414 810 1452 bonum
840 1426 958 1451 causa
987 1413 1161 1451 secunda
1191 1413 1324 1460 fouet3

328 1480 469 1517 Tereia
498 1480 635 1529 pupilli
665 1480 724 1517 ius
754 1477 1000 1528 supportabit
1030 1478 1154 1527 egeni,

330 1545 381 1582 Et
410 1558 570 1582 causam
600 1545 718 1584 vidue
746 1543 1011 1583 consolidabit
1041 1556 1140 1593 ope:

330 1610 421 1648 Istis
451 1623 624 1660 namque
654 1611 784 1649 modis
814 1611 875 1648 lex
905 1610 986 1647 vult
1016 1609 1125 1658 quod
1155 1609 1267 1646 miles
1298 1609 1337 1645 in
1367 1608 1484 1646 armis

329 1676 386 1713 Sit
416 1688 570 1725 semper
599 1675 747 1714 bellum
777 1682 982 1724 promptus
1012 1674 1120 1712 adire
1150 1686 1276 1711 suum.
1649 1686 1689 1708 10

330 1741 394 1778 Sic
423 1741 571 1779 etenim
601 1742 712 1779 miles
742 1741 895 1779 dudum
926 1746 1176 1788 superauerat
1206 1739 1351 1785 hostes,

329 1806 449 1844 Vnde
478 1805 552 1843 sibi
582 1806 685 1843 fama
714 1806 810 1843 viuit
840 1806 879 1842 in
910 1805 1005 1843 orbe
1034 1817 1162 1843 noua:

331 1871 425 1909 Non
454 1878 613 1920 propter
641 1872 787 1908 famam
817 1871 930 1908 miles
959 1866 1092 1907 tamen
1122 1882 1228 1907 arma
1256 1868 1426 1918 gerebat,

330 1936 396 1974 Set
425 1948 496 1984 pro
526 1936 679 1973 iusticia
708 1936 868 1984 protulit
897 1941 984 1972 acta
1014 1947 1094 1971 sua.

331 2001 493 2039 Ordinis
523 2001 606 2050 ipse
636 2001 801 2039 modum
831 2000 943 2038 miles
973 2000 1039 2048 qui
1071 2006 1199 2037 seruat
1228 1998 1413 2044 eundem,

332 2066 466 2104 Debet
496 2065 548 2104 ob
578 2067 656 2104 hoc
684 2066 821 2104 laudes
852 2065 994 2114 dignus
1023 2064 1169 2102 habere
1199 2077 1313 2112 suas3

333 2132 400 2169 Set
431 2132 460 2169 si
491 2144 562 2180 pro
591 2131 709 2169 laude
738 2131 851 2168 miles
881 2129 1053 2169 debellet
1083 2130 1201 2176 inani,

333 2197 404 2234 Est
434 2198 517 2234 laus
549 2196 702 2243 iniusta,
735 2196 766 2233 si
796 2195 988 2233 tribuatur
1018 2195 1080 2232 ita.

388 2262 464 2299 Dic
494 2262 614 2299 michi
644 2274 752 2299 nunc
780 2261 910 2299 aliud:
951 2260 1048 2309 quid
1078 2260 1239 2297 honoris
1268 2259 1393 2298 victor
1422 2258 1596 2305 habebit,

334 2328 373 2366 Si
402 2328 575 2366 mulieris
604 2340 715 2365 amor
742 2327 899 2365 vincere
927 2326 1051 2376 possit
1081 2326 1205 2363 eum?
1653 2340 1692 2361 20

334 2393 481 2431 Nescio
511 2393 608 2443 quid
637 2393 812 2431 mundus
842 2392 961 2429 michi
993 2390 1250 2440 respondebit
1278 2391 1330 2429 ad
1359 2391 1492 2438 istud;

335 2460 428 2496 Hoc
457 2458 550 2505 scio,
583 2459 691 2508 quod
722 2458 839 2497 Cristi
870 2458 924 2495 nil
955 2456 1027 2495 sibi
1059 2457 1186 2494 laudis
1216 2456 1298 2494 erit.

332 2524 370 2561 Si
401 2524 489 2572 quis
518 2524 668 2561 honore
697 2523 771 2561 frui
800 2523 942 2572 cupiat,
975 2522 1048 2560 sibi
1079 2528 1212 2559 causet
1241 2521 1447 2567 honorem,

333 2589 472 2626 Gestet
502 2596 540 2626 et
569 2589 666 2626 illud
695 2601 805 2638 opus,
838 2588 947 2637 quod
977 2587 1051 2625 sibi
1081 2586 1219 2642 suadet
1249 2598 1374 2625 onus:

335 2654 401 2691 Nil
431 2654 506 2691 nisi
536 2654 747 2691 stulticiam
777 2654 901 2703 pariet
931 2652 1004 2690 sibi
1035 2652 1123 2689 finis
1154 2650 1392 2699 habendam,

333 2719 409 2758 Cui
440 2720 576 2756 Venus
606 2719 804 2768 inceptam
833 2719 943 2756 ducit
971 2718 1022 2755 ad
1051 2729 1159 2754 arma
1188 2717 1302 2754 viam.

336 2785 429 2822 Non
459 2784 575 2822 decet
604 2790 644 2822 vt
672 2784 776 2821 rutili
805 2783 1013 2833 plumbum
1044 2781 1273 2820 miscebitur
1301 2793 1407 2828 auro,

846 2881 885 2911 18
910 2879 972 2921 ita]
991 2879 1022 2911 ei
1040 2879 1070 2910 D
