2095 3173
93 308 222 357 Capm.
244 321 302 345 xx.

687 201 872 241 LIBER
916 200 1229 241 SEPTIMUS
1613 215 1692 254 303

390 309 575 358 Cumque
604 309 855 358 repentinum
885 321 1019 346 casum
1049 308 1180 346 breuis
1210 308 1306 346 hora
1335 308 1515 355 minatur,

335 375 443 412 Dum
473 382 633 413 tenuem
662 375 798 412 flatum
827 375 988 412 suscitat
1017 386 1110 411 aura
1138 374 1247 421 leuis,

335 439 447 487 Care,
478 447 680 478 memento
709 440 777 486 tui,
809 440 896 489 quis
927 440 988 486 sis,
1020 452 1098 486 cur,
1129 439 1234 478 vnde
1263 439 1324 477 vel
1353 439 1404 479 ad
1433 440 1540 489 quid,

333 505 408 543 Vel
437 505 548 542 cuius
577 506 702 543 factus
732 505 978 543 condicionis
1009 517 1117 552 eras,
1611 521 1693 542 1110

337 571 458 619 Quod
487 583 577 608 caro
608 571 656 608 sit
686 571 839 619 fragilis,
871 570 985 607 fallax
1015 570 1219 619 facilisque
1248 571 1412 617 moueri,

337 636 467 673 Prona
496 635 545 673 sit
573 635 624 673 ad
653 635 776 684 peius,
809 636 980 684 pessima
1009 642 1191 684 prompta
1221 635 1344 684 sequi.

335 701 499 750 Spiritus
528 701 636 738 hunc
664 701 860 739 mundum
890 707 1047 750 spernat
1077 707 1285 750 speretque
1314 700 1452 748 futura,

337 766 500 815 Semper
529 766 568 803 in
598 767 767 804 auctoris
796 766 895 804 fixus
924 779 1058 804 amore
1087 767 1171 804 sui:

337 831 459 880 Quod
488 844 578 869 caro
608 832 757 880 spiritui
787 831 977 870 subdatur
1005 843 1177 882 eumque
1206 838 1401 881 sequatur,

338 896 503 945 Spiritus
532 897 681 934 auctori
712 897 854 934 seruiat
883 897 966 945 ipse
997 909 1094 944 suo,

337 961 460 1009 Quod
489 969 620 999 motus
649 962 776 999 carnis
805 962 1040 1008 moderetur,
1071 962 1424 1000 commemoranda

338 1027 410 1065 Est
438 1039 544 1065 mors
573 1034 611 1065 et
641 1040 744 1076 pena
774 1028 910 1065 mortis
940 1027 1124 1065 habenda
1152 1027 1277 1065 malis.

339 1092 433 1129 Non
462 1092 603 1140 poterit
632 1092 771 1130 melius
801 1092 972 1130 hominis
1001 1104 1092 1129 caro
1120 1092 1210 1129 viua
1240 1092 1404 1139 domari,

339 1157 472 1205 Quam
502 1154 611 1206 quod
640 1164 774 1195 mente
802 1164 909 1206 gerat
938 1164 1092 1195 mortua
1122 1157 1247 1206 qualis
1277 1157 1360 1196 erit.
1613 1173 1696 1196 1120

338 1223 515 1261 Fletibus
545 1223 722 1271 assiduis,
756 1231 813 1261 est
842 1224 939 1261 dum
969 1224 1061 1262 data
1088 1224 1216 1273 gracia
1245 1224 1378 1272 flendi,

339 1289 560 1327 Penituisse
589 1289 698 1327 iuuat
727 1295 866 1338 estque
895 1289 1051 1327 salubre
1080 1290 1197 1328 satis:

339 1355 426 1393 Nec
455 1354 553 1392 deus
583 1355 763 1392 ethereus
793 1355 866 1392 hec
895 1355 1059 1392 crimina
1085 1355 1269 1392 vendicat
1297 1355 1376 1404 vlli,

338 1420 429 1468 Que
457 1421 637 1458 confessa
667 1421 807 1459 dolens
837 1433 919 1459 non
948 1421 1118 1459 residiua
1147 1421 1250 1458 facit.

392 1486 472 1533 Qui
501 1498 589 1523 reus
618 1492 676 1524 est
705 1486 821 1535 igitur
849 1486 982 1533 homo,
1014 1498 1158 1535 penam
1190 1486 1381 1536 temporis
1412 1486 1528 1524 huius

336 1551 546 1598 Sustineat,
579 1551 708 1590 donec
737 1552 861 1589 diluat
890 1563 1010 1589 omne
1039 1551 1218 1597 malum3

337 1617 391 1654 Vt
419 1616 474 1655 sic
503 1624 700 1666 purgatus,
733 1629 823 1654 curn
854 1617 972 1654 iudex
1000 1617 1161 1663 venerit,
1193 1617 1300 1654 illam

338 1681 510 1730 Effugiat
539 1694 693 1731 penam,
726 1694 804 1730 que
833 1682 918 1719 sine
948 1682 1024 1719 fine
1054 1688 1210 1720 manet:

341 1748 443 1784 Nam
474 1747 541 1795 qui
571 1747 674 1784 iussa
703 1747 767 1784 dei
797 1759 878 1784 non
908 1753 1037 1784 seruat
1066 1753 1104 1784 et
1134 1747 1268 1784 vltima
1296 1747 1374 1785 vite

340 1812 510 1860 Spectat,
540 1812 592 1849 ad
621 1811 818 1849 infernum
847 1812 998 1860 cogitur
1027 1812 1091 1849 ille
1117 1811 1230 1849 trahi.
1618 1828 1699 1859 1130

341 1877 537 1925 Scripture
564 1877 716 1922 fallunt,
747 1883 813 1914 aut
842 1883 946 1914 certe
977 1888 1140 1915 noscere
1169 1876 1293 1914 debes

342 1941 463 1989 Quod
493 1941 593 1978 redit
622 1941 672 1978 ad
701 1941 855 1979 veniam
885 1941 948 1978 vix
976 1942 1155 1978 animalis
1184 1942 1330 1989 h0m03

340 2006 479 2043 Victus
509 2006 614 2043 enim
644 2006 746 2043 vicio
774 2006 863 2043 vicii
894 2007 935 2044 fit
965 2018 1112 2051 seruus,
1143 2013 1181 2044 et
1211 2007 1251 2043 in
1281 2018 1323 2044 se

342 2071 435 2108 Non
466 2070 585 2108 habet
613 2071 830 2109 admissum
860 2072 1013 2110 soluere
1042 2084 1157 2121 posse
1186 2072 1348 2121 iugum:

342 2136 447 2184 Ergo
476 2148 615 2185 perpes
645 2136 678 2173 ei
709 2136 876 2174 debetur
904 2149 1007 2186 pena
1036 2149 1210 2183 necesse,

343 2201 423 2249 Qui
453 2200 527 2238 sibi
556 2202 748 2249 peccandi
778 2202 876 2240 velle
905 2202 1106 2251 perhenne
1136 2202 1239 2240 facit.

395 2268 559 2305 Parcere
588 2279 731 2316 nempe
760 2267 837 2305 deo
866 2268 1066 2316 proprium
1096 2275 1229 2305 tamen
1259 2274 1297 2306 et
1326 2268 1499 2307 misereri
1530 2276 1599 2317 est,

342 2332 471 2377 Vnde,
500 2332 591 2369 licet
620 2345 718 2378 sero,
749 2339 788 2370 te
817 2345 1002 2370 reuocare
1031 2333 1158 2370 stude.

343 2397 593 2446 Figmentum
623 2404 799 2435 nostrum
830 2398 952 2443 nouit,
985 2405 1043 2436 set
1073 2405 1111 2435 et
1140 2398 1223 2446 ipse
1251 2398 1432 2436 medetur

343 2462 525 2500 Tandem
554 2463 777 2510 contritum,
809 2463 877 2512 qui
907 2463 1005 2512 petit
1035 2463 1117 2500 eius
1148 2475 1281 2511 opem.
1613 2480 1698 2512 1140

344 2526 438 2563 Non
467 2532 505 2563 te
534 2526 728 2575 desperes,
759 2528 846 2576 pius
876 2534 934 2565 est
964 2528 1073 2574 deus,
1105 2527 1228 2564 immo
1257 2527 1459 2577 deumque

346 2590 426 2638 Qui
455 2596 571 2638 negat
599 2603 684 2628 esse
712 2592 832 2640 pium,
864 2592 1032 2641 denegat
1062 2603 1147 2629 esse
1176 2591 1322 2630 deum:

347 2654 428 2692 Hic
458 2655 569 2703 quasi
597 2656 685 2693 fons
714 2657 825 2694 viuus
854 2664 960 2705 patet
990 2655 1186 2703 omnibus,
1218 2663 1256 2694 et
1285 2658 1440 2695 vacuari

345 2720 400 2756 Vt
428 2719 516 2756 fons
545 2720 669 2757 nescit
697 2721 819 2769 aquis,
851 2721 915 2758 hic
944 2721 1090 2770 pietate
1119 2721 1267 2769 nequit.

346 2784 414 2822 Set
443 2783 535 2833 quia
565 2796 676 2833 spem
706 2784 867 2822 nimiam
896 2785 1146 2834 presumpcio
1175 2797 1269 2834 sepe
1298 2784 1446 2835 fatigat,

599 2867 681 2897 1107
706 2858 857 2898 Cumque
872 2859 928 2891 ST
974 2859 1127 2899 Dumque
1141 2859 1338 2891 CEHGDL
