2095 3173
390 223 466 273 136
858 217 989 259 vox
1029 215 1388 259 CLAMANT1s

496 327 547 365 Et
575 324 726 364 virtutis
755 325 904 363 habent
932 322 1097 374 presulis
1125 328 1214 360 acta
1241 321 1374 369 nichil,

493 393 609 430 Tunc
638 403 763 430 errare
792 389 884 428 facit
913 388 1084 439 plebem,
1116 386 1200 425 sine
1228 388 1399 436 luceque
1427 398 1546 425 cecus

494 457 646 497 Cecum
675 453 941 503 consequitur,
971 453 1077 491 vnde
1106 451 1218 490 ruina
1246 451 1364 490 venit.

495 523 600 571 Ergo
629 533 718 559 suas
747 520 855 557 luces
884 518 1106 557 accendant
1135 516 1275 556 clarius
1304 516 1359 555 illi

496 585 576 635 Qui
606 592 697 623 sunt
725 585 921 631 ductores,
952 590 993 621 vt
1021 582 1227 621 videamus
1256 581 1340 621 iter.

496 652 594 700 Igne
622 651 782 688 lucerna
810 648 960 687 micans
990 647 1062 686 tria
1090 648 1169 695 dat,
1200 647 1393 698 splendet,
1424 647 1536 694 calet,
1567 644 1640 684 vrit
1655 659 1666 694 ;

494 717 586 754 Hec
615 714 687 753 tria
714 715 846 765 presul
874 714 996 752 habet
1024 713 1098 751 sub
1127 712 1286 751 racione
1314 711 1458 751 trium:

493 780 586 819 Vita
615 780 868 830 splendorem
897 779 1173 825 demonstrat,
1203 790 1362 816 amore
1390 778 1576 824 calorem,

495 847 547 884 Et
576 844 669 896 quia
696 851 908 895 peccantes
936 842 1073 893 arguit,
1104 841 1177 880 vrit
1207 855 1286 881 eos.
1772 846 1857 879 1080

495 911 600 951 Cum
629 911 823 961 populum
852 907 927 948 sibi
955 909 1076 947 corde
1104 907 1208 957 ligat,
1238 906 1502 957 precibusque
1530 904 1657 945 beatis

495 976 633 1015 Seruat
662 982 701 1014 et
729 981 846 1024 auget
875 986 982 1021 oues,
1014 980 1109 1011 tunc
1138 973 1267 1023 placet
1295 971 1380 1022 ipse
1409 972 1498 1010 deo.

494 1042 549 1079 Vt
578 1039 627 1079 sit
656 1039 846 1078 sollicitus
876 1038 1119 1089 quicumque
1147 1050 1295 1088 pauore
1323 1043 1491 1084 tenetur,

496 1106 559 1145 Ne
587 1107 704 1156 lupus
732 1104 798 1144 ille
826 1105 976 1143 Sathan
1004 1103 1122 1142 intret
1150 1102 1255 1141 ouile
1284 1115 1424 1140 suurn:

495 1172 636 1209 Pascat
665 1183 761 1210 oues
790 1171 921 1220 presul
950 1170 1210 1219 exemplaque
1239 1175 1375 1206 sancta
1403 1165 1609 1214 ministret,

494 1237 548 1275 Vt
577 1234 731 1286 sapiant
758 1235 895 1274 dulces
924 1233 1051 1272 mellis
1079 1233 1121 1271 in
1149 1245 1216 1271 ore
1244 1233 1368 1271 fauos.

548 1299 689 1350 Sepius
717 1298 891 1338 assueuit
919 1298 1102 1337 Tubicen
1130 1299 1330 1348 prodesse,
1360 1309 1534 1347 suosque

497 1367 589 1405 Dux
617 1366 720 1405 bene
749 1372 970 1415 pugnantes
999 1363 1172 1402 concitat
1200 1376 1268 1402 ore
1295 1362 1426 1401 viros:

496 1431 556 1470 Te
585 1430 720 1481 magis,
752 1443 776 1469 o
805 1431 947 1481 presul,
978 1428 1047 1480 qui
1075 1430 1156 1468 dux
1185 1441 1226 1467 es
1255 1427 1477 1479 spiritualis,

496 1497 682 1535 Promere
709 1497 795 1545 lege
824 1494 889 1534 dei
917 1507 1095 1533 consona
1122 1494 1242 1533 verba
1270 1495 1396 1533 decet.
1775 1506 1859 1541 1090

496 1561 616 1599 Solue
644 1568 753 1598 tuam
782 1572 923 1598 vocem
952 1559 1053 1598 sicut
1082 1559 1179 1598 tuba
1206 1558 1364 1597 ductilis
1393 1559 1525 1605 altam,

497 1625 635 1676 Osque
663 1633 777 1664 tuum
804 1624 934 1664 verbis
962 1624 1128 1663 instruat
1156 1631 1244 1663 acta
1272 1623 1424 1674 gregis:

497 1691 648 1738 Clama,
679 1703 730 1729 ne
759 1702 900 1737 cesseS,
931 1690 1080 1740 populo
1109 1688 1174 1727 dic
1203 1688 1353 1727 crimen
1381 1700 1532 1735 eorum,

497 1755 661 1794 Preuius
690 1754 879 1805 exemplis
908 1761 953 1793 tu
979 1762 1113 1792 tamen
1142 1761 1228 1792 esto
1256 1754 1397 1792 bonus.

453 1832 461 1839 ·
498 1821 608 1859 Dum
638 1832 754 1869 sapor
781 1818 941 1858 assidua
968 1831 1176 1857 remanens
1206 1818 1255 1856 sit
1283 1817 1410 1857 dulcis
1438 1817 1480 1856 in
1509 1818 1626 1864 vnda,

498 1883 663 1924 Gracius
693 1897 740 1923 ex
767 1883 855 1935 ipso
883 1885 993 1922 fonte
1022 1882 1213 1922 bibuntur
1240 1896 1368 1933 aque:

497 1950 602 1991 Cum
630 1949 754 2000 magis
783 1949 824 1987 in
854 1948 984 1989 Cristo
1013 1948 1062 1987 sit
1091 1947 1184 1987 cleri
1211 1947 1291 1986 vita
1319 1948 1445 1995 beata,

499 2017 631 2065 Quem
660 2015 778 2054 docet
807 2014 872 2053 ille
901 2013 1036 2064 magis,
1067 2026 1197 2053 sermo
1226 2013 1366 2052 beatus
1394 2012 1478 2052 erit.

498 2081 635 2119 Sermo
663 2079 729 2119 dei
758 2091 978 2129 numquam
1006 2091 1154 2117 vacuus
1182 2078 1294 2126 redit,
1324 2078 1450 2117 immo
1477 2078 1626 2117 lucrata

500 2145 688 2185 Conferet
717 2143 883 2182 emissus
912 2144 1034 2193 dupla
1062 2145 1210 2182 talenta
1237 2143 1356 2182 lucri:
1776 2157 1862 2181 1100

498 2210 636 2249 Sermo
664 2208 730 2247 dei
758 2221 890 2259 purus,
922 2221 1033 2247 mens
1063 2221 1183 2258 quem
1212 2208 1364 2246 sincera
1392 2207 1597 2256 ministrat,

499 2274 679 2315 Claustra
706 2272 787 2324 poli
815 2280 1026 2323 penetrans
1055 2274 1162 2311 dona
1189 2280 1361 2323 reportat
1388 2274 1523 2311 humo.

500 2339 667 2379 Curatos
695 2337 828 2376 anima
855 2339 952 2376 tales
981 2350 1058 2387 que
1086 2337 1264 2388 possidet
1291 2350 1392 2388 egra,

501 2403 696 2451 Inueniet‚
727 2402 760 2441 si
788 2403 881 2450 vult,
913 2415 1009 2441 sana
1037 2402 1171 2441 salutis
1200 2402 1283 2441 iter.

499 2468 581 2519 Qui
609 2468 665 2507 nil
693 2476 890 2507 terrenum
919 2466 1087 2518 sapiunt,
1118 2475 1177 2506 set
1205 2467 1328 2507 celica
1355 2475 1536 2518 querunt,

501 2535 552 2574 Et
581 2535 710 2573 solum
739 2532 883 2572 siciunt
911 2532 1166 2583 esuriuntque
1195 2534 1316 2572 deum
1331 2547 1342 2581 3

500 2601 613 2649 Quos
642 2612 724 2638 non
753 2598 940 2637 librarum
968 2597 1094 2649 pascit
1121 2597 1235 2645 nitor,
1266 2597 1389 2636 immo
1417 2597 1618 2646 librorum,

501 2666 596 2704 Non
624 2664 743 2703 facies
771 2663 865 2711 auri,
897 2670 955 2702 set
984 2663 1089 2702 cibat
1117 2676 1183 2701 ara
1211 2662 1275 2702 dei
1290 2677 1301 2711 ς

501 2728 584 2777 Hii,
616 2741 708 2768 curn
737 2728 815 2767 sint
842 2727 999 2779 propria
1027 2727 1136 2778 digni
1164 2729 1348 2768 mercede
1376 2727 1532 2776 laboris,

501 2795 760 2833 Permansura
789 2801 922 2832 serunt
951 2806 1029 2843 que
1058 2792 1142 2832 sine
1171 2793 1249 2832 fine
1278 2800 1442 2833 metunt.
1776 2807 1860 2831 1110

502 2857 566 2896 Sic
595 2857 662 2908 qui
691 2866 796 2897 recta
824 2860 953 2906 docet,
983 2857 1076 2897 facit
1104 2864 1142 2897 et
1171 2871 1287 2909 super
1315 2859 1392 2897 hoc
1421 2858 1531 2910 quod
1560 2864 1725 2910 oportet,
