2121 3173
470 238 550 278 352

745 222 1004 265 CARMEN
1048 221 1253 263 SUPER
1297 219 1663 261 MULTIPLICI

582 333 632 370 Et
661 331 823 381 speculo
852 328 988 367 mortis
1018 327 1167 378 respice
1197 326 1323 377 qualis
1352 326 1451 365 eris:
1881 339 1942 361 κιο

580 397 728 435 Oscula
756 396 856 433 fetor
884 400 1009 440 erunt,
1040 394 1244 443 amplexus
1273 391 1431 439 vermis,
1459 399 1497 430 et
1526 404 1646 429 omne

579 463 700 511 Quod
729 461 854 498 fuerat
882 458 1094 509 placidum,
1127 471 1230 508 pena
1258 459 1428 496 resoluet
1457 470 1568 508 opus.

579 525 761 573 Occupat
791 529 964 560 extrema
993 523 1202 560 stultorum
1231 520 1375 571 gaudia
1402 522 1541 566 luctus,

580 591 631 627 Et
660 587 780 626 risum
810 586 971 625 lacrima
1000 588 1117 637 plena
1146 587 1283 625 dolore
1313 587 1470 625 madet:

577 656 691 692 Vana
721 654 824 691 salus
854 651 1037 699 hominis,
1069 665 1189 702 quam
1219 651 1401 690 terminat
1430 664 1520 702 egra
1549 651 1739 700 voluptaS,

578 718 700 757 Tollit
730 726 768 757 et
797 725 976 756 eternum
1007 716 1140 756 viuere
1169 717 1247 755 vita
1277 717 1418 755 breuis.

635 785 776 829 Crede,
809 782 902 821 satis
931 789 1060 820 tutum
1090 789 1198 820 tenet
1227 783 1304 820 hoc
1334 789 1472 820 natura
1502 788 1704 826 statutum,

580 851 673 899 Quo
703 862 793 887 caro
822 850 1018 899 pollutum
1049 848 1187 886 reddet
1216 848 1267 886 ad
1297 861 1388 897 yma
1416 849 1570 894 lutum3

578 916 683 955 Cum
712 915 793 953 fera
823 926 927 952 mors
957 912 1076 951 stabit
1104 921 1143 951 et
1172 920 1313 951 terram
1343 920 1444 951 terra
1471 911 1635 958 vorabit,

578 981 694 1018 Tunc
723 980 846 1017 homo
875 977 1048 1028 gustabit
1077 977 1174 1028 quid
1204 977 1278 1016 sibi
1308 979 1424 1028 culpa
1453 976 1575 1016 dabit.
1883 992 1943 1014 220

580 1047 651 1083 Est
679 1044 746 1083 vbi
775 1043 978 1083 mundicia
1006 1043 1133 1082 carnis
1163 1042 1248 1081 sine
1276 1043 1365 1081 labe
1394 1050 1535 1090 reatus,

580 1112 699 1151 Casta
728 1109 926 1161 pudicicia
954 1110 1099 1159 gaudet
1128 1110 1179 1148 ad
1208 1122 1327 1147 omne
1357 1110 1482 1147 latus:

578 1177 664 1214 Stat
692 1183 788 1214 nota
817 1174 911 1213 bina
940 1176 1025 1213 solo
1055 1187 1135 1224 quo
1164 1175 1277 1212 luxus
1307 1187 1388 1212 non
1418 1173 1656 1219 dominatur,

583 1243 660 1279 Pax
690 1247 823 1279 manet
851 1240 1003 1290 absque
1032 1241 1138 1287 dolo,
1169 1241 1366 1290 longaque
1395 1239 1474 1277 vita
1502 1241 1627 1278 datur.

558 1365 719 1401 Contra
744 1365 886 1400 mundi
909 1363 1125 1399 fallaciam
1152 1363 1195 1397 in
1221 1373 1351 1398 causa
1376 1363 1551 1398 Periurii
1577 1364 1619 1398 et
1646 1361 1854 1397 Auaricie.

635 1440 752 1478 SUNT
780 1440 861 1478 duo
891 1438 1048 1488 cognati
1077 1437 1268 1476 viciorum
1297 1437 1525 1485 consociati,

581 1505 732 1544 Orbem
761 1503 829 1553 qui
858 1504 996 1542 ledunt
1026 1502 1178 1553 pariter,
1210 1516 1284 1541 nec
1312 1503 1363 1541 ab
1393 1503 1489 1541 orbe
1518 1503 1734 1541 recedunt:

583 1573 663 1609 Iste
693 1571 813 1609 fidem
843 1582 968 1606 raram
998 1568 1178 1618 periurat,
1211 1576 1249 1606 et
1277 1569 1374 1606 alter
1402 1581 1563 1606 auaram

581 1637 753 1676 Causam
782 1633 955 1673 custodit
970 1648 980 1682 ;
1019 1633 1148 1672 socios
1177 1635 1273 1671 tales
1302 1634 1401 1672 deus
1431 1633 1525 1671 odit.

582 1700 714 1739 Primo
741 1699 941 1751 periurum
971 1698 1204 1745 describam,
1236 1705 1405 1748 postque
1434 1700 1619 1743 futurum,

583 1769 652 1805 Est
681 1765 747 1804 vbi
777 1765 836 1803 ius
865 1777 1006 1811 rarum,
1038 1763 1228 1814 scriptura
1257 1764 1455 1802 remordet
1483 1777 1671 1801 auarum:
1880 1778 1942 1810 230

582 1834 640 1870 Ex
669 1830 770 1869 vicio
799 1830 866 1868 tali
895 1831 1015 1868 fertur
1043 1829 1152 1880 origo
1181 1828 1284 1868 mali.

635 1898 767 1935 Nemo
796 1895 861 1935 dei
890 1909 1038 1934 nomen
1067 1908 1266 1933 assumere
1295 1895 1415 1934 debet
1444 1894 1576 1942 inane,

582 1963 695 1999 Falsa
723 1974 797 1999 nec
825 1968 866 1999 vt
894 1960 1005 2007 iuret,
1037 1973 1080 1998 os
1110 1959 1316 2010 perhibere
1346 1962 1475 1998 malo:

582 2028 664 2065 Lex
691 2034 803 2064 vetus
832 2027 910 2064 hoc
939 2024 1084 2072 statuit,
1117 2032 1185 2071 set,
1217 2025 1458 2075 prothdolor‚
1491 2037 1583 2062 ecce
1614 2023 1828 2062 modernus

580 2093 749 2130 Munere
778 2098 982 2141 corruptos
1011 2090 1089 2128 iarn
1119 2103 1247 2128 nouus
1277 2103 1382 2128 error
1409 2089 1498 2139 agit.

581 2156 648 2195 Nil
677 2155 752 2194 nisi
781 2157 888 2194 dona
916 2155 1023 2194 videt
1053 2157 1149 2194 dum
1179 2168 1220 2193 se
1250 2154 1420 2205 periurat
1449 2157 1616 2202 Auarus,

580 2221 675 2259 Eius
705 2220 811 2260 enim
842 2234 1002 2260 sensum
1031 2233 1173 2259 census
1202 2220 1348 2270 vbique
1377 2220 1501 2270 regit,

580 2286 644 2325 Sic
673 2300 755 2325 non
783 2286 882 2325 liber
911 2288 1033 2325 homo
1062 2285 1206 2324 librum
1235 2285 1320 2324 sine
1349 2287 1525 2336 pondere
1554 2285 1680 2331 librat,

579 2352 707 2390 Seruit
735 2359 773 2390 et
802 2353 853 2390 ad
881 2351 999 2390 libras
1028 2364 1125 2401 quas
1155 2364 1225 2389 sua
1253 2350 1351 2389 libra
1390 2350 1517 2389 trahit.

579 2419 646 2456 Set
676 2417 768 2467 quia
797 2416 974 2468 periurus
1003 2418 1210 2456 defraudat
1239 2416 1322 2454 iura
1351 2415 1520 2466 superni,
1880 2432 1943 2463 240

580 2484 689 2521 Iurat
717 2496 808 2521 eum
838 2482 1024 2521 dominus
1052 2482 1135 2521 iure
1163 2481 1288 2533 perire
1317 2494 1413 2519 suo:

579 2547 643 2586 Sic
667 2549 819 2587 lucrum
849 2547 991 2586 siciens
1020 2549 1183 2597 laqueos
1212 2546 1382 2593 incurrit,
1414 2553 1452 2585 et
1481 2545 1564 2585 eius

580 2612 734 2663 Lingua
762 2612 869 2663 prius
899 2613 1070 2651 mendax
1099 2611 1248 2663 premia
1277 2611 1412 2650 mortis
1442 2612 1562 2650 habet
1578 2626 1587 2659 3

579 2677 643 2715 Sic
672 2679 850 2716 vendens
880 2685 918 2717 et
947 2691 1084 2716 emens
1113 2690 1259 2716 vacuus
1289 2689 1371 2715 non
1400 2676 1571 2724 transiet,
1603 2676 1726 2714 immo

580 2743 750 2780 Munera
779 2756 856 2792 que
886 2742 1015 2793 capiet
1044 2743 1208 2793 sulphur
1235 2749 1273 2780 et
1302 2741 1401 2791 ignis
1431 2749 1555 2780 erunt.

579 2807 762 2846 Vendere
791 2807 986 2846 iusticiam
1015 2807 1137 2846 nichil
1165 2814 1223 2846 est
1252 2806 1326 2845 nisi
1354 2808 1525 2845 vendere
1555 2805 1739 2853 Cristum‚

473 2885 536 2906 210
550 2876 680 2917 mortis]
693 2877 806 2909 cordis
823 2877 847 2909 S
909 2888 971 2918 217
993 2882 1117 2909 statum
1135 2877 1158 2909 S
1220 2887 1283 2917 234
1301 2877 1486 2909 modernus
1499 2876 1613 2908 SFLB
1645 2876 1831 2908 modernos
1843 2874 1938 2906 CEH
