2095 3173
370 243 447 282 124
838 231 969 272 vox
1009 230 1367 272 cLAMANT1s

531 340 645 388 Quos
675 338 782 389 prius
813 338 980 376 ecclesia
1009 337 1246 375 fundauerat
1275 337 1360 386 ipsa
1390 337 1539 384 fideles,

476 405 596 442 Nunc
625 404 747 454 magis
778 403 995 452 impaciens
1024 403 1122 440 dura
1150 415 1220 451 per
1247 414 1355 439 arma
1385 409 1510 440 necat.

478 471 667 508 Rusticus
697 469 919 518 agricolam,
952 468 1064 506 miles
1094 468 1175 504 fera
1204 467 1308 505 bella
1336 474 1550 517 gerentem,

477 536 691 573 Rectorem
722 533 843 572 dubie
873 533 1007 571 nauita
1036 532 1179 582 puppis
1209 539 1342 570 amat:
1776 537 1842 569 620

477 600 629 639 Cristus
658 605 764 637 amat
794 611 944 648 pacem,
978 610 1054 647 pax
1082 598 1268 636 vendicat
1298 605 1337 635 et
1367 596 1442 636 sibi
1471 597 1632 644 clerum,

478 665 617 704 Clerus
647 671 685 702 et
714 676 806 714 ergo
835 676 928 702 suos
958 663 1079 702 debet
1107 662 1254 701 habere
1282 664 1381 712 pios.

477 731 613 779 Turpe
643 729 786 768 referre
815 729 961 778 pedem
992 741 1066 766 nec
1094 741 1213 777 passu
1243 735 1345 766 stare
1374 728 1513 775 tenaci,

476 795 612 844 Turpe
641 794 890 833 laborantem
920 793 1142 832 deseruisse
1171 800 1323 841 ratem3

477 860 650 909 Turpius
680 866 739 898 est
769 859 887 898 Cristi
916 871 987 908 pro
1017 858 1170 895 mundo
1201 857 1284 895 iura
1312 857 1456 907 fugare,

478 925 560 973 Qui
590 931 767 962 statuunt
796 924 944 962 bellum
974 923 1082 973 pacis
1111 922 1251 961 adesse
1279 923 1380 960 loco.

479 990 627 1028 Omnia
656 1002 774 1040 regna
804 989 929 1040 quasi,
960 987 1080 1028 Cristi
1109 1000 1188 1038 que
1217 1000 1366 1026 nomen
1396 987 1571 1035 invndat,

481 1056 593 1094 Bella
620 1062 761 1105 gerunt
789 1054 967 1105 reprobis
996 1054 1214 1092 horridiora
1243 1053 1395 1092 Gethis.

480 1121 684 1160 Sufficeret
712 1127 847 1159 tamen
876 1120 964 1167 hoc,
997 1120 1109 1169 quod
1138 1119 1242 1157 bella
1270 1119 1400 1157 forent
1428 1118 1629 1165 laicorum,

480 1187 521 1224 Si
550 1199 632 1224 non
661 1186 771 1235 quod
800 1186 959 1235 proprio
988 1186 1116 1223 clerus
1146 1185 1186 1222 in
1217 1197 1312 1223 ense
1341 1184 1461 1222 ferat:
1781 1190 1848 1228 630

481 1252 685 1302 Quicquid
715 1259 832 1302 agant
861 1251 960 1298 laici,
993 1250 1126 1288 minus
1156 1263 1343 1289 excusare
1372 1249 1513 1288 valebo

481 1317 654 1365 Clerum,
686 1330 807 1366 quern
837 1317 955 1356 Cristi
987 1316 1121 1366 regula
1150 1316 1259 1365 pacis
1289 1315 1420 1353 habet.

482 1383 549 1421 Set
578 1382 686 1421 bona
715 1395 793 1433 que
823 1382 964 1421 mundi
993 1382 1160 1432 fugitiua
1189 1388 1282 1419 sunt
1312 1381 1419 1419 velut
1447 1379 1595 1427 vmbra,

481 1448 708 1497 Postposito
737 1448 879 1495 Crist0‚
910 1447 1015 1486 bella
1043 1446 1257 1496 nephanda
1286 1452 1465 1484 mouent.

535 1513 740 1562 Quicquid
770 1513 810 1550 in
840 1512 1024 1550 humanis
1054 1513 1103 1550 sit
1133 1512 1386 1561 spiritualiter
1414 1518 1558 1558 actum,

482 1578 621 1617 Clerus
651 1579 691 1616 in
720 1578 851 1616 officio
880 1578 1024 1615 clamat
1054 1577 1200 1615 habere
1229 1589 1326 1615 suo:

483 1644 555 1682 Est
584 1650 623 1682 et
652 1643 866 1682 mundanis
896 1655 975 1692 que
1003 1643 1129 1681 maior
1156 1643 1279 1692 gloria
1308 1641 1437 1688 rebus,

482 1709 681 1747 Vendicat
710 1709 787 1746 hoc
816 1709 934 1758 gladii
963 1708 1201 1757 proprietate
1231 1708 1302 1745 sui.

483 1774 547 1813 Sic
576 1775 699 1813 modo
729 1774 802 1812 fert
832 1775 959 1812 clerus
988 1774 1167 1823 geminas
1197 1771 1342 1822 quibus
1373 1772 1505 1810 euolat
1534 1771 1626 1819 alas,

484 1840 557 1878 Illa
585 1847 719 1878 tamen
750 1839 890 1878 mundi
919 1839 1006 1889 plus
1036 1839 1165 1888 placet
1194 1838 1256 1876 ala
1285 1836 1372 1875 sibi.
1781 1843 1848 1883 640

484 1906 548 1944 Sic
576 1906 688 1955 piper
715 1905 837 1943 vrtice
866 1904 1062 1943 mordacis
1093 1903 1245 1941 semina
1274 1903 1454 1950 miscent,

486 1972 596 2009 Dum
625 1971 752 2009 clerus
781 1970 922 2008 mundi
952 1981 1122 2019 sponsus
1151 1968 1315 2006 adheret
1344 1967 1409 2016 ei3

485 2037 676 2086 Dumque
701 2042 860 2074 tumens
890 2035 1042 2073 mundo
1071 2035 1198 2072 clerus
1229 2045 1271 2071 se
1300 2033 1440 2071 miscet
1467 2044 1598 2080 auaro,

487 2102 581 2150 Quo
610 2102 744 2139 doleat
773 2101 955 2150 populus,
987 2100 1031 2137 fit
1059 2100 1183 2149 magis
1212 2110 1302 2148 egra
1332 2099 1449 2136 salus.

488 2168 583 2205 Non
613 2166 704 2204 satis
735 2172 794 2204 est
822 2166 897 2202 illis
926 2165 1119 2214 populum
1149 2176 1288 2202 vexare
1317 2163 1507 2212 quietum,

486 2232 554 2270 Set
582 2243 771 2280 magnum
799 2229 906 2268 bello
935 2229 1143 2267 sollicitare
1172 2229 1303 2267 deum.

488 2298 560 2335 Est
592 2298 709 2335 ‘Non
739 2295 920 2334 occides'
950 2295 1150 2344 scriptum,
1184 2299 1242 2332 set
1272 2294 1312 2331 in
1342 2292 1438 2332 orbe
1467 2299 1698 2332 manentem

489 2363 671 2401 Preualet
698 2362 776 2400 hoc
805 2367 958 2400 certum
987 2360 1117 2398 nullus
1147 2358 1294 2397 habere
1323 2359 1466 2397 locum.

489 2429 562 2466 Est
590 2428 655 2466 vbi
685 2427 750 2466 dic
780 2439 872 2477 ergo
901 2427 961 2464 ius
991 2431 1181 2472 nostrum,
1213 2435 1348 2462 nonne
1377 2423 1538 2462 caducis

488 2492 654 2532 Talibus
683 2493 724 2530 in
749 2491 867 2530 rebus
897 2503 995 2541 quas
1023 2491 1190 2530 retinere
1219 2489 1389 2539 nequis?
1785 2494 1851 2538 650

544 2559 669 2597 Linea
698 2559 837 2596 natalis
867 2557 1001 2595 matris
1030 2557 1081 2595 de
1110 2556 1192 2593 iure
1221 2555 1364 2592 fatetur

491 2624 697 2662 Heredem
727 2624 912 2670 Cristum,
945 2634 1023 2672 qua
1051 2621 1123 2659 fuit
1152 2626 1271 2667 ortus,
1303 2619 1439 2658 humi:

492 2691 532 2729 Si
562 2690 659 2739 quid
689 2690 729 2727 in
758 2689 836 2727 hoc
865 2688 1018 2726 mundo
1048 2686 1164 2725 nobis
1195 2686 1396 2735 proprium
1425 2685 1549 2736 magis
1578 2691 1692 2733 esset,

492 2757 585 2793 Pars
614 2755 714 2792 foret
742 2754 820 2792 hoc
849 2753 966 2793 Cristi
995 2764 1073 2803 que
1102 2751 1278 2790 titulatur
1307 2751 1369 2790 ei:

427 2861 488 2898 617
519 2860 575 2891 No
595 2863 734 2899 paragr.
763 2858 821 2888 (ΞΕ
965 2858 1031 2897 633
1057 2860 1138 2886 sunt
1164 2855 1280 2885 vmbra
1306 2854 1409 2886 velud
1438 2854 1562 2895 (velut)
1589 2854 1730 2894 fugitiua
1756 2853 1847 2886 CEG

381 2908 461 2936 sunt
478 2902 618 2943 sugitiua
635 2901 730 2933 velut
745 2902 861 2933 vmbra
878 2901 905 2933 L
1037 2901 1098 2941 641
1116 2899 1215 2941 piper
1230 2898 1336 2931 vrtice
1351 2909 1417 2931 om.
1436 2899 1466 2931 D
1485 2898 1615 2942 (blank)
