2095 3173
679 203 867 244 LIBER
905 203 1179 245 TERCIUS
1582 217 1658 258 135

301 308 449 349 Omnia
477 309 545 349 dat
574 308 679 348 licita
699 308 867 357 sibimet,
899 308 1021 348 michi
1050 316 1109 348 set
1137 308 1386 361 prohibenda
1401 324 1411 357 ;

302 375 375 413 Ille
404 373 581 424 quiescit,
613 387 686 425 ego
716 375 817 414 sudo
845 374 980 414 labore
1009 388 1110 414 meo.

301 438 366 478 Sic
396 438 467 478 iter
495 453 542 478 ex
569 439 681 478 factis
710 439 819 478 viciis
848 439 986 490 prebet
1013 439 1215 488 faciendis,

27 506 33 546 ,Γ
301 503 436 542 Verba
463 511 522 542 set
550 511 712 542 econtra
740 504 846 543 dicet
874 504 915 543 in
943 518 1037 544 aure
1065 512 1156 544 tua:

305 568 416 607 Hinc
445 568 557 619 plebs
585 569 753 607 attonita
781 569 948 617 dubitat,
979 569 1011 608 si
1040 571 1199 610 credere
1229 569 1355 617 dictis,

301 634 366 671 An
395 633 487 672 cleri
515 633 627 672 factis
655 634 801 673 debeat
828 633 913 684 ipsa
941 633 1058 684 prius.
1577 649 1661 681 1040

5 686 29 752 ᾗ
302 699 369 737 Set
398 697 613 749 prohibens
642 698 763 737 michi
793 712 890 747 rem,
918 700 1014 738 dum
1044 698 1094 738 sit
1122 700 1343 750 culpandus
1372 700 1524 747 eadem,

26 773 30 807 ζ
301 762 378 801 Vix
406 764 525 802 credo
554 763 684 811 verba,
715 771 807 802 sunt
835 763 929 814 quia
956 765 1059 803 facta
1087 777 1175 803 rea:

300 829 457 867 Tollere
486 827 622 879 sicque
650 842 778 868 nouos
807 830 858 868 de
886 830 991 868 clero
1019 842 1139 868 cerno
1167 829 1369 880 superbos,

24 912 28 934 l
301 895 375 933 Per
403 901 552 932 veteres
581 893 750 932 humiles
780 895 889 944 quod
918 893 1050 934 dedit
1078 894 1164 945 ipsa
1192 895 1301 934 fides.

354 958 582 1009 Precipiunt
610 958 674 997 isti
703 958 901 997 maxillam
929 958 1171 1009 percucienti

300 1023 490 1071 Subdere,
521 1023 577 1062 sic
605 1030 646 1062 vt
673 1037 723 1062 eo
752 1031 828 1062 stet
855 1023 1055 1074 pacienter
1084 1025 1233 1063 homo:

299 1087 484 1127 Intuleris
513 1095 571 1127 set
600 1088 655 1127 eis
685 1088 717 1127 si
746 1088 843 1139 quid
871 1102 1000 1139 graue,
1032 1101 1125 1127 mox
1153 1088 1225 1127 tibi
1255 1088 1389 1127 mortis

300 1152 488 1193 censuris
515 1152 648 1192 anime
676 1154 773 1192 dant
802 1153 1012 1192 maledicta
1040 1160 1118 1192 tue.

6 1228 26 1256 Ι.
301 1217 382 1268 Qui
412 1225 527 1257 necat
555 1217 620 1256 hic
648 1218 823 1257 animam
852 1218 926 1257 sub
956 1231 1059 1268 pena
1088 1217 1235 1266 mortis,
1267 1219 1417 1266 eadem,

21 1283 27 1342 i
301 1283 343 1322 Si
372 1290 516 1334 posset,
546 1296 689 1333 corpus
719 1284 900 1334 perderet
928 1282 1012 1334 ipse
1041 1283 1158 1334 prius.
1576 1299 1660 1332 1050

301 1347 366 1386 Sic
395 1347 518 1398 magis
547 1348 631 1398 ipse
659 1349 754 1399 lupo
783 1349 856 1387 fert
883 1355 1016 1399 pastor
1045 1349 1220 1399 dampna
1248 1348 1420 1399 maligno

302 1413 351 1451 In
380 1411 595 1463 iugulando
624 1426 725 1460 suas,
757 1426 855 1463 quas
885 1413 1110 1461 medicaret‚
1142 1426 1248 1452 oues.

302 1477 373 1516 Hii
401 1485 555 1528 gestant
584 1477 658 1517 celi
686 1479 829 1526 claues,
860 1477 1006 1517 intrant
1034 1491 1108 1516 nec
1137 1485 1176 1517 et
1205 1478 1290 1529 ipsi,

300 1544 386 1581 Nos
415 1556 489 1582 nec
518 1542 615 1582 inire
644 1543 788 1591 sinunt,
819 1556 920 1593 quos
949 1543 1034 1582 sine
1062 1545 1147 1594 lege
1176 1551 1337 1593 regunt:

301 1609 388 1647 Nec
417 1608 554 1659 populi
583 1616 736 1647 mentes
764 1608 944 1647 doctrine
973 1621 1132 1647 vomere
1161 1610 1325 1656 sulcant,

301 1675 388 1713 Nec
417 1673 566 1712 faciunt
594 1673 722 1724 operis
751 1673 792 1713 id
821 1675 931 1724 quod
960 1680 1116 1724 oportet
1144 1686 1255 1724 opus.

301 1739 368 1778 Ad
396 1739 573 1778 dextram
604 1738 722 1778 Cristi
750 1739 896 1777 vellent
924 1738 1095 1777 residere
1124 1738 1240 1785 beati,

303 1803 371 1841 Set
399 1804 551 1841 nollent
578 1802 743 1841 calicem
773 1816 938 1850 sumere,
972 1802 1110 1850 Criste,
1142 1809 1262 1840 tuam.

304 1867 375 1906 Hii
403 1867 616 1918 piscatores
645 1869 776 1905 laxant
804 1880 874 1905 sua
903 1866 1005 1905 recia
1033 1867 1160 1914 lucris,

302 1934 357 1971 Vt
385 1932 543 1982 capiant
573 1933 779 1979 mundum,
811 1945 892 1970 non
921 1931 1129 1970 animabus
1158 1945 1288 1982 opem.
1577 1938 1662 1970 1060

302 1997 367 2036 Sic
395 1998 497 2036 male
526 1996 704 2036 viuentes
732 1996 840 2035 laicis
869 1998 1049 2047 exempla
1077 1996 1308 2043 ministrant,

304 2062 385 2112 Qui
414 2064 519 2101 velut
548 2061 727 2100 instructi
755 2075 864 2100 more
893 2068 1084 2112 sequntur
1112 2074 1203 2100 eos:

303 2127 368 2166 Sic
397 2127 483 2166 ouis
512 2140 559 2166 ex
588 2126 752 2165 maculis
781 2126 947 2177 pastoris
977 2127 1020 2164 fit
1049 2127 1261 2173 maculosa,

14 2206 15 2230 l
305 2195 356 2232 Et
385 2192 490 2232 cadit
520 2192 560 2230 in
588 2193 746 2231 foueam
776 2205 893 2231 cecus
922 2199 1085 2242 vterque
1115 2191 1241 2230 simul.

242 2321 322 2357 Hic
346 2321 528 2365 loquitur
553 2321 737 2365 qualiter
761 2320 948 2365 prelatus
964 2329 1051 2354 non
1069 2319 1202 2354 solum
1225 2319 1418 2354 doctrina
1442 2321 1507 2355 set
1530 2319 1661 2355 eciam

12 2371 13 2430 Ῐ
195 2381 319 2416 bonis
338 2380 501 2416 actibus
517 2379 667 2425 populo
692 2379 773 2414 sibi
791 2379 1015 2414 commisso
1033 2378 1171 2413 lucere
1189 2377 1369 2412 deberet.

49 2461 176 2512 Capm.
198 2459 274 2499 xiii.
361 2461 410 2498 In
438 2459 609 2498 tenebris
638 2472 803 2510 pergens
832 2458 957 2498 nescit
986 2471 1067 2508 quo
1096 2458 1223 2504 vadat,
1255 2465 1296 2496 vt
1324 2457 1388 2496 ille

11 2519 12 2528 ¹
306 2524 387 2574 Qui
416 2538 498 2562 non
526 2524 713 2563 discernit
741 2537 819 2574 que
848 2523 897 2562 sit
925 2523 1110 2562 habenda
1138 2521 1228 2569 via;

307 2590 491 2638 Cumque
519 2596 624 2627 caret
652 2590 822 2639 populus
850 2587 1041 2634 doctrina,
1072 2599 1146 2624 nec
1175 2585 1282 2625 videt
1310 2585 1439 2636 ipsum

307 2652 389 2702 Qui
417 2666 510 2691 suus
539 2660 598 2691 est
625 2655 756 2703 presul
783 2652 867 2691 iura
895 2660 1027 2691 tenere
1055 2650 1131 2698 dei,

308 2719 412 2758 Cum
441 2730 571 2767 neque
599 2717 742 2768 scripta
771 2719 900 2765 docet,
930 2729 1061 2766 neque
1090 2717 1192 2753 facta
1219 2714 1311 2753 facit
1340 2714 1505 2766 pietatis,

308 2784 440 2821 Immo
470 2781 529 2820 sui
558 2781 647 2820 vicii
676 2782 811 2821 dedita
839 2784 955 2832 culpa
984 2788 1101 2831 patet,
1577 2794 1662 2828 1070

308 2848 413 2887 Cum
443 2847 493 2887 de
522 2853 639 2885 nocte
668 2860 738 2886 sua
766 2853 899 2897 pereat
928 2845 1012 2885 sine
1041 2846 1128 2884 luce
1157 2844 1325 2891 lucerna,

10 2584 12 2627 ν

9 2668 11 2723 l
