2121 3173
446 233 527 272 330

159 795 225 826 Hic
251 796 283 825 in
303 794 408 824 tercia
428 798 526 833 parte

113 840 250 870 cronice
268 837 476 877 compositor
491 838 525 867 in

115 882 282 923 principio
310 881 414 911 finem
450 892 524 921 pre-

113 926 279 957 meditans
296 925 358 957 sub
375 935 436 965 spe
453 926 524 965 glo—

114 970 161 1000 rie
179 971 289 1001 future
306 971 438 1001 letatur.

157 1509 312 1547 Qualiter
327 1511 369 1541 ad
388 1512 524 1542 modum

113 1553 214 1592 talpe,
229 1564 293 1593 que
305 1564 441 1594 semper
458 1560 525 1586 ter-

113 1607 182 1626 ram
191 1597 357 1629 effodiens
366 1609 525 1629 eamcon-

114 1641 208 1671 tinue
246 1641 423 1682 subuertit,
464 1653 525 1673 rex

115 1684 441 1722 Ricardus‚vtsuum
451 1696 525 1725 reg-

115 1739 192 1758 num
211 1729 375 1760 tirannice
395 1731 524 1769 disper-

114 1773 182 1810 dat,
194 1773 338 1803 assiduis
348 1773 524 1813 ymagina-

113 1816 269 1847 cionibus
316 1818 358 1847 ad
409 1817 523 1857 populi

114 1860 387 1891 destruccionem
405 1871 525 1892 omnes

113 1914 192 1934 suas
225 1905 374 1935 cautelas
401 1905 525 1936 indesi-

117 1953 241 1979 nenter
257 1948 436 1980 coniectat.

162 2545 251 2575 Nota
288 2545 434 2584 qualiter
465 2557 527 2577 rex

116 2588 230 2619 subtili
251 2588 368 2620 fraude
390 2600 528 2621 conces-

117 2642 190 2663 sum
252 2633 314 2662 sibi
371 2633 528 2673 optinuit,

116 2676 207 2714 quod
244 2676 444 2715 Vbicumque
477 2687 528 2707 se-

117 2720 199 2749 dere
216 2719 317 2750 vellet
334 2730 410 2750 cum
427 2721 528 2752 certis

119 2764 276 2802 personis
318 2764 382 2794 sibi
421 2764 529 2803 assig-

119 2807 216 2846 natis,
256 2817 317 2847 per
351 2807 444 2847 prius
480 2808 528 2838 in-

936 218 1218 260 CRONICA
1248 217 1635 258 TRIPERTITA

546 325 769 361 aduentum
786 324 975 360 vniuersi
991 324 1111 368 regni
1128 324 1283 365 fideles,
1301 326 1389 359 tam
1408 334 1602 369 proceres
1620 335 1742 368 quam
1766 334 2018 365 communes,

543 384 663 419 deum
681 384 803 428 quasi
827 394 879 418 ex
901 393 987 417 vno
1005 393 1076 418 ore
1101 383 1390 418 collaudantes
1413 383 1656 427 pestiferum
1679 384 1904 418 Ricardum
1930 383 2019 417 suis

545 452 596 476 ex
642 441 857 476 demeritis
902 451 1034 484 regno
1082 441 1401 476 renunciantem
1455 442 1623 485 penitus
1674 452 1700 476 a
1755 442 1888 486 gradu
1941 452 2018 476 suo

545 501 837 544 deposuerunt,
893 499 1262 543 gratissimumque
1317 500 1470 534 Ducem
1527 501 1736 535 dominum
1793 500 2019 536 Henricum

546 560 813 603 prenotatum
831 558 875 592 in
894 559 1052 593 Solium
1071 558 1184 602 regie
1201 559 1456 602 magestatis
1472 561 1744 602 regnaturum
1763 561 2019 594 coronantes

545 627 637 652 cum
676 617 830 660 gaudio
865 617 1155 659 sublimarunt,
1190 617 1484 652 terciodecimo
1517 618 1582 653 die
1615 618 1776 653 mensis
1811 618 2018 661 Octobris,

547 676 672 710 Anno
691 675 851 711 domini
868 676 1090 710 Millesimo
1109 675 1399 711 tricentesimo
1417 676 1694 720 nonagesimo
1711 686 1837 711 nono.
1975 688 2018 709 20

708 783 886 820 TRISTIA
915 789 1005 832 post
1034 783 1121 829 leta,
1155 789 1244 832 post
1273 781 1396 820 tristia
1425 796 1518 832 sepe
1548 782 1690 833 quieta,

653 845 694 885 Si
724 847 827 885 bene
856 860 1080 897 pensemus,
1113 847 1205 885 satis
1236 848 1309 885 hec
1340 847 1546 885 manifesta
1575 847 1766 886 videmus.

653 914 840 962 Regnum
870 914 1117 951 confractum
1147 912 1245 962 regis
1276 912 1427 951 feritate
1457 913 1667 951 subactum

653 979 792 1029 Nuper
821 978 977 1025 defleui,
1009 978 1189 1017 lacrimas
1219 985 1277 1016 set
1306 977 1453 1017 abinde
1483 978 1616 1028 quieui
1631 993 1642 1027 3

654 1045 840 1094 Regnum
870 1051 1079 1094 purgatum
1108 1042 1306 1093 probitate
1335 1043 1447 1082 ducis
1477 1050 1712 1082 renouatum

652 1109 815 1147 Amodo
845 1108 996 1156 ridebo,
1027 1122 1101 1147 nec
1131 1108 1181 1146 ab
1212 1108 1295 1146 eius
1324 1110 1441 1147 laude
1471 1109 1624 1147 tacebo.

651 1173 688 1212 O
718 1186 778 1211 res
807 1174 1017 1220 laudanda,
1049 1186 1073 1211 o
1102 1186 1161 1211 res
1190 1172 1275 1211 sine
1304 1174 1382 1211 fine
1411 1175 1597 1220 notanda,

650 1239 716 1277 Ad
746 1239 906 1277 laudem
937 1237 1065 1284 Cristi,
1098 1237 1166 1287 qui
1195 1251 1268 1276 nos
1298 1239 1349 1276 de
1379 1251 1533 1276 carcere
1563 1237 1661 1276 tristi

653 1303 700 1340 R.
733 1310 828 1340 tunc
858 1302 1044 1349 custodis,
1077 1301 1189 1352 quasi
1219 1302 1267 1340 sit
1296 1302 1492 1352 regnantis
1524 1302 1710 1349 Herodis,

653 1367 818 1405 Gracius
848 1366 982 1406 eduxit
1011 1374 1050 1405 et
1078 1368 1130 1406 ad
1159 1366 1293 1405 inclita
1321 1381 1439 1417 regna
1468 1367 1644 1406 reduxit!
1983 1383 2024 1404 10

711 1431 836 1470 Nouit
866 1431 971 1470 enim
1002 1433 1187 1479 mundus,
1220 1432 1414 1471 Ricardus
1445 1434 1607 1482 quando
1636 1433 1834 1472 secundus

660 1498 790 1536 Iustos
820 1496 968 1535 deleuit
997 1510 1189 1547 proceres,
1222 1510 1322 1546 quos
1352 1497 1496 1547 Anglia
1525 1497 1644 1544 fleuit,

655 1564 748 1612 Ipse
778 1561 980 1612 superbire
1011 1561 1066 1599 sic
1097 1561 1216 1611 spirat
1246 1569 1283 1599 et
1312 1561 1434 1600 alcius
1465 1562 1529 1609 ire,

654 1628 776 1676 Quod
807 1626 1043 1677 dedignatur
1072 1625 1275 1676 proprium
1304 1640 1550 1677 regnumque
1579 1627 1773 1666 minatur:

653 1692 836 1742 Amplius
866 1705 913 1730 ex
942 1705 1052 1730 more
1082 1691 1198 1730 solito
1227 1691 1404 1730 latitante
1433 1694 1562 1731 furore

653 1757 772 1804 Seuit‚
804 1765 843 1796 et
873 1757 1066 1808 oppressit
1095 1758 1288 1807 populum
1319 1757 1382 1796 cui
1411 1771 1570 1807 parcere
1599 1758 1735 1796 nescit.

653 1822 762 1861 Sicut
792 1823 959 1860 humum
989 1821 1089 1860 fodit
1118 1829 1299 1860 euertens
1329 1823 1434 1872 talpa
1463 1836 1540 1872 que
1569 1822 1683 1870 rodit,

652 1889 772 1927 Vnde
800 1895 905 1926 caret
932 1887 1076 1937 requie,
1108 1886 1164 1925 sic
1193 1888 1289 1925 alter
1318 1895 1435 1926 nocte
1464 1887 1620 1938 dieque,

654 1955 708 1991 Vt
737 1952 860 2003 magis
889 1959 1039 1991 euertat
1068 1965 1231 2002 regnum
1261 1953 1371 2002 quod
1400 1953 1559 1990 demere
1587 1959 1719 1999 certat,

653 2018 718 2057 Sic
747 2019 874 2057 scelus
903 2017 1068 2068 apponit
1097 2024 1136 2056 et
1163 2018 1215 2056 ad
1244 2018 1321 2056 hoc
1351 2031 1421 2056 sua
1450 2018 1592 2056 robora
1620 2018 1760 2068 ponit;
1981 2036 2023 2058 20

654 2085 708 2121 Vt
737 2082 920 2133 princeps
950 2081 1093 2120 baratri
1122 2081 1268 2120 furiens
1298 2081 1395 2132 regit
1424 2090 1512 2121 acta
1541 2083 1692 2121 theatri.
2116 2122 2120 2147 Ι

656 2149 838 2186 Pondera
867 2147 1068 2197 prebebat,
1101 2148 1294 2197 populum
1324 2147 1468 2197 quibus
1498 2147 1582 2198 ipse
1610 2149 1838 2198 premebat:

655 2216 805 2264 thote
834 2214 1022 2251 salsarum
1052 2212 1198 2250 furiosa
1226 2212 1396 2251 caribdis
1425 2226 1617 2263 aquarum
2116 2150 2120 2301 ι

657 2277 819 2328 Gurgite
848 2276 1010 2316 feruoris
1040 2276 1150 2323 bibit,
1183 2277 1343 2324 euomit,
1376 2277 1561 2316 omnibus
1592 2278 1708 2325 horis,
2117 2318 2120 2338 Ι

655 2343 719 2382 Sic
750 2342 825 2381 sibi
854 2344 1065 2381 collectum
1096 2341 1247 2380 facinus
1277 2342 1351 2380 sub
1381 2350 1539 2392 pectore
1569 2350 1719 2382 tectum
2118 2370 2121 2392 2

657 2410 744 2447 Rex
772 2408 896 2447 vomit
925 2407 965 2446 in
995 2415 1165 2458 gentem,
1196 2421 1253 2454 ve,
1285 2410 1356 2446 ve!
1396 2407 1480 2446 sine
1509 2410 1594 2458 lege
1623 2417 1861 2448 manentem.
2118 2406 2121 2475 1

710 2476 784 2512 Per
812 2473 918 2525 prius
948 2480 1156 2524 optentum
1186 2486 1340 2523 semper
1369 2472 1443 2511 sibi
1472 2474 1774 2524 parliamentum
2118 2478 2121 2520 1

656 2541 730 2578 Per
760 2541 847 2578 loca
876 2545 1094 2585 conseruat,
1126 2537 1167 2576 in
1196 2551 1276 2588 quo
1306 2539 1408 2576 mala
1438 2552 1595 2589 queque
1624 2547 1795 2578 reseruat
1810 2555 1820 2588 ,·
2120 2526 2121 2541 ἵ

658 2605 727 2642 Est
757 2603 823 2642 vbi
853 2616 1022 2654 persona
1050 2602 1149 2653 regis
1179 2601 1375 2641 residente
1405 2616 1562 2651 corona,

656 2669 833 2718 Corpore
861 2667 1032 2718 presenti
1062 2675 1137 2706 stat
1166 2666 1220 2705 ibi
1249 2666 1305 2705 vis
1336 2667 1608 2717 parliamenti:
1979 2685 2020 2716 30

656 2732 730 2779 Sic,
762 2733 1001 2783 vbicumque
1031 2734 1142 2771 sedet
1171 2732 1373 2782 presencia
1402 2733 1515 2783 regia,
1547 2735 1663 2780 ledet,

659 2798 780 2847 Quod
809 2799 939 2837 nullus
969 2797 1083 2836 sciuit
1112 2796 1266 2836 sceleris
1296 2810 1373 2846 que
1402 2799 1504 2837 facta
1532 2798 1689 2838 subiuit.

1024 2886 1184 2928 Headt'ng
1202 2887 1239 2917 18
1258 2886 1442 2919 maiestatis
1459 2887 1537 2919 CH3
