2121 3173
557 245 789 287 TERCIA
830 243 985 286 PARS
1524 254 1604 294 339

147 357 233 393 Rex
262 355 373 393 sedet
402 360 441 392 et
470 351 602 391 cuncti
630 365 811 402 proceres
841 350 1013 390 resident
1042 349 1116 389 sibi
1145 348 1280 396 iuncti,

146 422 258 459 Stant
279 427 318 459 et
345 425 546 470 presentes
575 430 808 456 communes
838 419 925 467 plus
954 416 1179 467 sapientes,-

146 488 325 536 Tempus
354 492 436 524 erat
464 485 541 523 tale
570 496 863 533 communeque
891 482 1086 521 iudiciale.

149 552 272 601 Quod
300 551 404 589 bene
431 548 634 600 prouisum
663 548 785 587 nichil
814 555 873 587 est
901 562 924 586 a
952 547 1034 586 iure
1063 547 1292 594 rescisum3

150 619 222 656 Est
251 615 344 666 quia
372 622 583 666 protectus,
614 615 755 652 letatur
784 613 839 652 sic
868 615 991 652 homo
1020 621 1159 661 rectus,

152 684 203 721 Et
233 687 415 720 metuunt
444 679 582 730 reliqui
612 692 682 718 sua
711 681 886 729 dampna
914 679 1094 718 dolenter
1122 677 1258 728 iniqui.

206 749 272 786 Set
301 745 394 797 quia
422 747 509 796 plus
539 744 703 795 dignum
732 744 840 795 prius
869 752 927 783 est
955 744 1117 783 recitare
1146 743 1374 794 benignum,
1394 757 1457 789 350
1575 742 1732 793 Qualiter
1760 738 1945 787 Henricus,

153 815 244 862 Que
273 818 364 850 sunt
392 810 541 850 maiora
569 810 745 850 scribens
774 810 949 849 recitabo
977 809 1129 860 priora:
1534 783 1946 872 ξῑζῐῗέἕεῖἒὶῗὲεξξέᾞὲ

153 876 321 917 Henrici
349 883 464 915 natus
495 875 706 923 Henricus,
737 877 889 915 honore
917 876 1068 923 beatus,
1536 886 1602 916 que
1628 883 1753 905 nomen
1779 868 1948 919 Princjpis

157 945 229 982 Est
258 943 512 981 confirmatus
542 942 655 980 heres
685 940 954 991 Princepsque
982 948 1169 980 vocatus:
1537 921 1580 950 de
1603 926 1774 950 consensu
1800 922 1949 945 ommum

1538 962 1684 1003 gloriose
1700 961 1844 999 adeptus
1861 962 1925 988 est.

156 1008 220 1047 Sic
249 1021 337 1059 pars
366 1007 530 1054 abscisa,
563 1020 724 1046 summo
750 1008 801 1046 de
829 1006 960 1045 iudice
989 1006 1081 1054 visa,

157 1073 320 1112 Arboris
349 1080 408 1112 est
436 1080 553 1111 vncta
580 1071 701 1111 veteri
730 1071 932 1122 stipitique
960 1070 1147 1110 reiuneta.

160 1140 274 1178 Istud
303 1140 467 1177 fatatum
497 1137 569 1176 fuit
597 1151 620 1176 a
649 1137 874 1187 sanctisque
903 1139 1082 1184 relatum,

159 1205 281 1253 Quod
310 1211 405 1242 tune
433 1201 650 1253 compleuit
678 1203 788 1250 deus,
817 1216 865 1241 ex
893 1215 973 1253 quo
1002 1209 1101 1241 terra
1130 1202 1304 1252 quieuit:

161 1271 254 1308 Hoc
284 1270 388 1307 facto
416 1270 494 1307 leta
523 1275 654 1318 stupet
682 1267 826 1318 Anglia
853 1269 970 1307 laude
998 1270 1156 1318 repleta,

162 1335 374 1385 Cordeque
402 1335 556 1381 letatur,
585 1333 678 1384 quia
706 1333 821 1384 stirps
850 1335 901 1372 de
930 1333 1053 1384 stirpe·
1078 1335 1240 1372 leuatur.

218 1402 333 1438 Tunc
363 1400 413 1438 de
443 1412 640 1438 consensu
670 1398 790 1449 Regis
819 1412 1026 1449 procerum
1056 1412 1217 1449 quoque
1246 1411 1374 1445 sensu,
1408 1403 1470 1443 360

165 1466 286 1504 Plebe
315 1465 565 1512 reclamante,
597 1471 701 1503 stant
729 1463 987 1514 parliamenta
1016 1477 1087 1514 per
1113 1471 1230 1511 ante3
1589 1476 1745 1516 Qualiter
1761 1483 1882 1514 eaque
1902 1484 1962 1503 nu-

164 1530 229 1570 Sic
257 1529 528 1581 procedebant
557 1543 674 1580 super
702 1528 776 1568 hiis
806 1543 884 1580 que
912 1536 1022 1580 gesta
1049 1528 1238 1568 videbant
1547 1532 1610 1562 per
1654 1521 1689 1551 in
1733 1518 1965 1594 ἐῗῑξέἑῗεῃὲῗ

165 1597 231 1635 Ad
259 1608 473 1634 commune
502 1594 664 1642 bonum,
695 1596 913 1634 recolentes
941 1602 1050 1645 gesta
1078 1594 1284 1633 baronum.
1546 1571 1964 1641 heurgggrefflofiemiepet

167 1662 257 1710 Que
285 1660 392 1712 prius
420 1662 554 1708 Vrsus,
588 1662 697 1710 Equs
727 1668 765 1699 et
802 1660 909 1708 Olor,
941 1660 1009 1711 qui
1037 1660 1181 1700 dicitur
1209 1674 1317 1710 equs,
1550 1653 1663 1684 socios
1679 1661 1760 1682 suos
1781 1655 1878 1690 gesta
1895 1649 1966 1723 ἰξε-

168 1728 306 1777 Nuper
332 1727 520 1773 fecerunt‚
552 1725 775 1764 firmissima
802 1725 1091 1764 constituerunt
1105 1740 1116 1774 5
1552 1701 1967 1773 ζιὲἑίυζεὲἓὲἓῑξῖἓιῗς

169 1793 221 1830 Et
249 1804 327 1842 que
354 1804 550 1841 pomposa
575 1803 839 1841 peruersaque
866 1792 1003 1829 fraude
1031 1792 1171 1830 dolosa
1553 1789 1587 1858 e}
1603 1794 1643 1833 βᾶ
1659 1793 1726 1823 que
1743 1782 1912 1856 Ricalqdus
1933 1780 1966 1809 in

171 1855 367 1895 Ricardus
395 1855 498 1903 fecit,
530 1856 605 1894 hec
634 1855 741 1894 curia
768 1862 852 1894 tota·
879 1855 1023 1894 reiecit.
1553 1833 1969 1908 ἴοῃὲἑῖιὲξῖυῇῗῑέἲὲἓὲἑ

174 1923 226 1960 Et
254 1928 349 1959 tunc
379 1928 587 1959 tractatum
616 1920 689 1958 fuit
717 1919 815 1958 illud
844 1933 944 1970 opus
973 1921 1217 1967 sceleratum,
1555 1915 1662 1964 ecia-m
1713 1913 1969 1962 parliamentum

174 1988 268 2036 Quo
297 1987 450 2025 dudum
479 1984 629 2035 Cignus
658 1984 771 2036 periit
799 1984 886 2024 sine
913 1985 1010 2024 iure
1038 1985 1232 2036 benignus
1247 1999 1257 2034 ;
1555 1963 1693 1999 pemtus
1709 1962 1864 1989 cassauxt.

177 2051 338 2091 Iusticie
366 2064 456 2090 vere
485 2050 701 2089 vindictam
731 2051 874 2089 clamat
903 2050 1048 2089 habere
1422 2064 1485 2098 370

176 2116 319 2157 Omnis
347 2117 401 2156 ob
430 2117 506 2154 hoc
535 2117 652 2154 funus
680 2117 861 2167 populus,
892 2115 1005 2166 quasi
1033 2115 1089 2154 vir
1117 2116 1216 2154 foret
1244 2129 1370 2154 vnus:

179 2182 243 2221 Sic
272 2181 495 2221 communis
523 2194 634 2220 amor
663 2181 862 2233 popularis
891 2189 931 2220 et
958 2180 1134 2231 vndique
1163 2182 1312 2220 clamor

181 2246 319 2286 Extitit
346 2255 531 2298 acceptus
560 2261 584 2285 a
613 2249 723 2297 Rege
751 2260 829 2297 que
857 2248 943 2297 lege
971 2254 1162 2297 receptus.

235 2313 505 2351 Infortunatus
535 2311 741 2360 Ricardus,
771 2314 859 2363 plus
888 2313 1109 2360 sceleratus,

183 2377 383 2417 Omnibus
411 2376 595 2427 ingratus,
626 2377 699 2416 fuit
727 2377 902 2428 vndique
931 2385 1026 2416 tune
1055 2379 1300 2425 maculatus;
1608 2382 1763 2422 Qualiter
1826 2380 1978 2431 ⁸Ricfirdp

182 2442 248 2481 Sic
275 2441 387 2493 quasi
415 2443 652 2493 dampnatus
679 2442 776 2481 abiit
803 2455 872 2493 pre
899 2442 989 2481 labe
1017 2450 1158 2489 reatus,
1565 2426 1979 2508 Ξξέῗὶᾆξῖῗὲἓὲᾞξέζῗὲ

185 2509 280 2557 Quo
309 2506 415 2545 stetit
443 2508 566 2546 elatus
595 2508 669 2547 sub
698 2521 853 2546 carcere
882 2506 1165 2557 magnificatus.
1567 2513 1674 2546 ceteri
1690 2512 1748 2553 qui
1765 2522 1839 2543 cum
1861 2522 1903 2543 eo
1924 2490 1980 2542 ac1

189 2572 285 2610 Eius
314 2573 495 2619 fautores,
526 2572 594 2623 qui
623 2581 714 2611 sunt
742 2574 793 2612 de
822 2580 925 2611 sorte
954 2571 1112 2622 priores,
1565 2557 1672 2632 ἓξὲξ
1696 2560 1981 2638 ἓξὲῃῐὲεξζῃζὲἑζ

188 2639 304 2676 Tunc
332 2637 505 2680 accusati
533 2645 624 2676 sunt
651 2639 702 2677 ad
730 2651 920 2689 responsa
947 2636 1099 2675 vocati:
1569 2644 1982 2686 pietatequietiperman-

192 2702 250 2741 Hi
279 2704 523 2753 responsales
552 2703 789 2741 submittunt
818 2717 859 2742 se
885 2701 1074 2753 speciales
1434 2709 1497 2747 380
1569 2691 1700 2720 serunt.

194 2766 350 2806 Iudicio
380 2766 512 2817 Regis,
543 2780 611 2818 per
640 2781 759 2818 quem
788 2768 875 2806 silet
903 2767 1005 2806 vlcio
1033 2766 1140 2816 legis.

196 2831 322 2883 Regia
349 2845 442 2870 nam
470 2831 594 2882 pietas
623 2831 679 2871 sic
707 2839 901 2883 temperat
928 2831 1103 2882 vndique
1133 2838 1269 2879 metas,

341 2912 405 2943 347
431 2902 577 2933 recisum
593 2901 672 2933 CHs
804 2903 871 2942 369
894 2902 968 2933 iure
985 2900 1042 2933 SG
1089 2901 1166 2932 labe
1183 2900 1300 2932 CHHs

788 2968 810 2995 Ζ
833 2971 853 2995 2
