1970 3178
458 751 666 812 VOX
733 751 1347 817 CLAMANTIS

159 916 211 955 IN
240 915 357 954 huius
387 915 568 965 opusculi
598 916 792 965 principio
821 915 992 955 intendit
1020 919 1262 967 compositor
1287 919 1509 958 describere
1539 921 1706 970 qualiter

102 981 261 1020 seruiles
281 980 413 1019 rustici
435 982 657 1030 impetuose
673 988 808 1019 contra
829 981 1022 1031 ingenuos
1043 988 1082 1019 et
1102 982 1256 1020 nobiles
1277 984 1385 1033 regni
1402 985 1704 1024 insurrexerunt.

103 1046 153 1084 Et
187 1046 279 1095 quia
307 1058 368 1084 res
398 1046 626 1084 huiusmodi
655 1046 761 1084 velut
796 1052 1016 1084 monstrum
1052 1046 1295 1085 detestabilis
1324 1048 1396 1086 fuit
1430 1055 1468 1087 et
1497 1048 1703 1097 horribilis,

103 1111 214 1161 fingit
259 1123 301 1149 se
338 1123 408 1160 per
447 1111 673 1160 sompnium
714 1111 858 1149 vidisse
897 1111 1073 1149 diuersas
1111 1112 1215 1161 vulgi
1254 1119 1402 1151 turmas
1446 1114 1486 1150 in
1531 1114 1705 1152 diuersas

102 1177 284 1226 species
320 1175 581 1215 bestiarum
618 1176 924 1214 domesticarum
958 1182 1261 1215 transmutatas:
1304 1178 1400 1216 dicit
1432 1184 1565 1217 tamen
1597 1179 1707 1228 quod

101 1242 165 1280 ille
194 1241 319 1280 bestie
345 1241 575 1288 domestice,
601 1253 624 1279 a
653 1253 723 1278 sua
747 1241 954 1279 deuiantes
982 1248 1131 1289 natura,
1157 1242 1408 1280 crudelitates
1438 1243 1606 1281 ferarum
1633 1243 1707 1281 sibi

102 1312 435 1356 presumpserunt.
494 1307 558 1344 De
586 1306 713 1344 causis
746 1318 851 1353 vero,
883 1318 929 1344 ex
964 1306 1109 1356 quibus
1139 1307 1240 1344 inter
1275 1307 1458 1345 homines
1493 1308 1584 1346 talia
1612 1320 1706 1345 con-

101 1371 257 1421 tingunt
285 1371 472 1418 enormia,
504 1377 642 1408 tractat
678 1371 835 1409 vlterius
865 1371 1087 1409 secundum
1122 1371 1403 1411 distincciones
1433 1371 1554 1411 libelli
1584 1372 1704 1420 istius,

102 1436 168 1486 qui
202 1436 242 1474 in
281 1443 432 1486 septem
471 1436 661 1475 diuiditur
699 1443 839 1486 partes,
871 1443 987 1486 prout
1022 1436 1183 1475 inferius
1222 1438 1318 1476 locis
1358 1438 1437 1476 suis
1475 1438 1706 1477 euidencius

100 1500 313 1552 apparebit.

663 1580 881 1630 Sequitur
911 1582 1143 1630 prologus.

645 1809 852 1857 Capitula
881 1809 982 1847 libri
1012 1809 1163 1847 Primi.

103 1907 231 1958 Capm.
264 1908 286 1946 i.
320 1908 401 1946 Hic
431 1908 603 1946 declarat
636 1908 676 1945 in
706 1907 841 1957 primis
871 1906 945 1945 sub
979 1907 1091 1944 cuius
1127 1907 1247 1955 Regis
1282 1907 1457 1956 imperio,
1490 1907 1530 1944 in
1561 1906 1706 1956 quibus

317 1972 441 2010 eciam
474 1984 610 2011 mense
640 1979 678 2010 et
707 1984 825 2019 anno,
856 1972 929 2010 ista
958 1971 1032 2010 sibi
1061 1971 1300 2019 accidencia,
1332 1972 1443 2010 cuius
1477 1978 1590 2010 tenor
1619 1970 1707 2010 sub-

319 2038 505 2087 sequitur,
536 2037 802 2087 contingebat.
862 2037 1131 2076 Commendat
1160 2037 1329 2086 insuper,
1359 2037 1581 2075 secundum
1610 2037 1707 2075 illud

319 2103 428 2152 quod
455 2115 540 2141 esse
565 2102 728 2150 solebat,
755 2102 994 2141 fertilitatem
1015 2108 1115 2141 terre
1135 2103 1237 2140 illius
1257 2101 1323 2140 vbi
1352 2102 1434 2152 ipse
1454 2108 1550 2140 tunc
1570 2102 1704 2149 fuerat,

317 2169 357 2206 in
398 2180 487 2218 qua,
520 2174 560 2206 vt
598 2168 705 2215 dicit,
746 2168 926 2206 omnium
961 2168 1072 2218 quasi
1104 2180 1233 2206 rerum
1267 2168 1408 2206 delicie
1441 2168 1584 2217 pariter
1617 2180 1708 2205 con-

317 2233 492 2280 veniunt,
526 2238 565 2271 et
598 2232 772 2282 loquitur
800 2233 960 2271 vlterius
990 2233 1041 2271 de
1074 2233 1288 2271 amenitate
1317 2232 1516 2281 temporis,
1548 2244 1706 2270 necnon

317 2305 356 2336 et
376 2298 428 2337 de
448 2298 527 2336 diei
549 2298 770 2346 serenitate,
786 2310 863 2348 que
879 2304 975 2336 tunc
990 2304 1125 2336 tamen
1146 2297 1373 2347 sompnium
1390 2297 1506 2336 nimis
1522 2296 1708 2335 horribile

316 2362 595 2413 precedebant.

152 2460 218 2493 The
233 2461 335 2494 MSS.
354 2461 436 2492 used
438 2461 501 2500 for
514 2461 564 2492 the
578 2461 654 2491 Vox
672 2460 859 2492 Clamantis
874 2472 930 2492 are
945 2461 997 2492 the
1004 2461 1180 2502 following
1187 2471 1243 2492 :—

149 2513 173 2545 S
203 2514 281 2553 (All
299 2513 402 2545 Souls
425 2513 557 2554 College,
586 2513 723 2553 Oxford,
748 2514 816 2555 98),
842 2514 869 2545 C
893 2513 1038 2554 (Cotton,
1067 2513 1220 2553 Tiberius,
1247 2512 1289 2544 A.
1317 2512 1379 2552 iv),
1399 2512 1426 2543 E
1451 2512 1567 2551 (Ecton
1590 2511 1705 2551 Hali),

108 2564 141 2596 H
174 2566 351 2605 (Harlez'an
381 2566 499 2606 6291),
532 2565 561 2596 G
594 2565 775 2606 (Glasgow‚
810 2565 1002 2597 Hunterian
1033 2565 1199 2604 Museum,
1232 2565 1270 2596 T.
1305 2575 1334 2595 2.
1369 2565 1435 2605 17),
1471 2564 1500 2594 D
1532 2564 1707 2605 (Bodleian

105 2617 253 2659 Libmzy,
279 2619 388 2659 D1jgby
414 2618 506 2658 138),
532 2618 558 2648 L
583 2617 754 2659 (Bodleian
776 2617 928 2658 Librmy,
949 2618 1054 2648 Laud
1074 2617 1161 2657 719),
1188 2617 1217 2648 T
1241 2616 1387 2658 (Trinity
1410 2616 1544 2657 College‚
1568 2616 1706 2654 Dnblin,

107 2669 147 2700 D.
169 2680 198 2709 4.
220 2671 270 2710 6),
297 2670 345 2701 H2
369 2669 535 2709 (Haffield
553 2669 666 2711 Hall),
690 2670 730 2700 L2
752 2669 909 2711 (Lincoln
935 2669 1109 2702 Catlzedral
1132 2669 1271 2709 Library
1291 2668 1333 2700 A.
1358 2678 1387 2708 7.
1415 2667 1462 2708 2).
1517 2668 1581 2700 The
1600 2672 1664 2699 text
1681 2669 1708 2699 is

104 2721 202 2753 based
214 2733 256 2752 on
274 2722 310 2753 S.

152 2773 182 2804 T
179 2774 249 2804 able
263 2774 305 2813 of
314 2773 466 2805 Contents
481 2778 537 2804 not
542 2773 660 2813 found
672 2774 705 2804 in
724 2773 862 2805 HLTL2
880 2773 930 2814 (H
949 2772 1105 2815 defictive)

145 2835 166 2865 3
188 2826 288 2857 velud
305 2826 332 2857 C
488 2836 507 2864 4
532 2826 631 2864 fingit
648 2825 740 2857 SGD
786 2830 900 2856 narrat
916 2825 974 2856 (ΞΕ

150 2877 221 2910 Lib.
243 2878 268 2910 I.
287 2878 307 2910 i.
326 2888 345 2908 2
369 2878 473 2909 eciam
493 2888 558 2909 om.
580 2878 609 2908 D
745 2888 762 2918 7
786 2882 900 2908 tamen
916 2888 981 2908 om.
1002 2876 1032 2907 D

872 2944 937 2970 ΒΖ
