2095 3173
419 208 500 246 286

887 208 1018 249 VOX
1059 207 1419 249 CLAMANTIS

468 342 546 377 Hic
563 343 746 386 loquitur
764 343 812 377 de
833 342 1037 387 principio
1055 342 1290 377 creacionis
1305 342 1500 377 humane.
1548 342 1747 377 Declarat
1765 342 1898 378 eciam

423 402 604 444 qualiter
636 401 814 435 mundus
850 401 903 434 ad
936 411 1059 435 vsum
1091 400 1287 442 hominis,
1322 403 1364 435 et
1396 401 1521 435 homo
1557 401 1611 435 ad
1645 402 1799 436 cultum
1831 402 1898 436 dei

424 462 591 495 creatus
608 460 772 499 extitit3
800 460 861 494 ita
879 459 1001 503 quod,
1023 460 1061 494 si
1079 459 1203 493 homo
1222 459 1342 494 deum
1361 470 1480 494 suum
1506 459 1645 495 debite
1668 470 1755 493 non
1773 461 1898 500 colat,

423 519 599 552 mundus
619 528 696 562 que
715 528 794 552 sua
812 520 911 553 sunt
927 518 1084 552 homini
1102 518 1246 554 debita
1264 518 1399 553 officia
1415 518 1594 553 vlterius
1620 518 1790 554 reddere
1812 528 1897 554 non

425 578 633 612 teneatur.

300 656 428 705 Capm.
454 657 500 695 vi.

589 658 625 696 O
656 658 687 695 si
717 670 807 696 vera
836 658 984 708 loquar,
1019 659 1210 708 quicquid
1240 658 1314 698 sibi
1344 660 1518 698 mundus
1548 660 1702 710 iniqum

535 724 685 770 Gestat,
718 724 840 762 homo
870 725 975 762 solus
1006 731 1064 762 est
1094 725 1218 775 magis
1248 725 1342 764 inde
1372 738 1471 764 reus.
1837 739 1902 771 510
1955 768 1958 771 ¹

534 789 686 838 Scripta
716 789 863 827 docent
893 790 1073 837 Genesis,
1105 791 1233 840 primo
1263 803 1354 828 cum
1384 791 1570 829 conditor
1597 790 1737 829 orbem

535 855 711 901 Fecerat,
743 855 817 892 hec
847 855 985 893 dicens
1015 855 1100 904 ipse
1129 856 1277 894 creauit
1307 856 1464 895 Adam:

538 922 646 960 ‘Nos
676 922 890 969 faciamus‚'
920 923 984 969 ait,
1018 923 1256 970 ‘hominem,
1289 914 1354 973 qui
1386 936 1459 962 nos
1489 924 1631 962 imitari

536 988 691 1036 Possit3
729 994 768 1026 et
797 995 837 1026 vt
867 987 983 1026 nobis
1014 989 1158 1027 seruiat
1187 996 1307 1039 atque
1337 990 1452 1036 colat,

538 1054 783 1103 Inspiremus
813 1054 848 1092 ei
878 1066 1039 1092 sensum
1069 1054 1248 1102 racionis,
1280 1067 1469 1103 amorem,

538 1119 632 1156 Vim
662 1119 927 1167 discretiuam,
959 1120 1058 1169 quid
1087 1119 1135 1158 sit
1166 1127 1204 1159 et
1232 1121 1338 1159 vnde
1367 1121 1498 1160 venit:

540 1185 787 1234 Inspiremus
817 1185 853 1223 ei
882 1184 1041 1223 factoris
1071 1186 1362 1235 cognicionem,

541 1250 661 1288 Vnde
690 1257 908 1288 creatorem
938 1258 1076 1289 noscat
1105 1259 1291 1301 ametque
1320 1264 1449 1298 suum,

542 1315 643 1363 Quis
673 1328 767 1353 suus
797 1322 856 1353 est
884 1323 1032 1356 auctor.
1064 1317 1152 1366 quis
1182 1317 1218 1354 ei
1247 1317 1358 1355 dedit
1388 1329 1474 1355 esse
1503 1317 1564 1355 vel
1593 1316 1726 1355 vnde:

542 1381 723 1419 Mundus
753 1394 844 1419 eum
875 1382 1052 1431 sequitur
1081 1389 1118 1420 et
1148 1382 1358 1420 famulatur
1388 1383 1434 1421 ei.
1843 1396 1908 1428 520

542 1446 658 1484 Solus
688 1445 849 1484 rimetur
877 1448 1021 1485 mentis
1051 1454 1201 1485 secreta
1230 1460 1412 1497 superne,

544 1512 596 1549 Et
624 1519 889 1561 perscrutetur
918 1511 1071 1562 singula
1099 1514 1207 1551 solus
1237 1513 1383 1552 homo:

543 1576 704 1626 Singula
733 1584 938 1624 scrutetur,
970 1584 1029 1616 set
1058 1579 1168 1627 quod
1198 1578 1272 1616 sibi
1302 1579 1475 1628 postulat
1503 1591 1606 1627 vsus,

542 1642 650 1680 Vtile
679 1642 740 1680 vel
770 1642 915 1690 credat,
947 1643 1056 1692 quod
1086 1655 1133 1681 ve
1162 1656 1326 1682 necesse
1355 1645 1492 1694 putet.'

600 1707 638 1746 O
668 1707 838 1745 sublime
867 1708 1000 1755 decus,
1032 1708 1161 1746 honor
1189 1710 1366 1756 eximius,
1399 1710 1519 1748 decor
1546 1710 1661 1757 altus,

543 1772 598 1810 Vt
628 1773 676 1810 sit
706 1773 827 1811 homo
857 1780 958 1811 terra
987 1779 1114 1811 tectus
1143 1786 1285 1823 ymago
1315 1775 1407 1813 dei!

546 1839 601 1876 Vt
630 1838 679 1876 sit
707 1838 759 1876 ad
788 1839 1014 1888 exemplum
1044 1839 1201 1878 factoris
1230 1840 1378 1879 fabrica
1406 1841 1521 1888 facta,

549 1904 714 1953 Resque
743 1905 907 1942 creatori
938 1905 1186 1943 consimilata
1217 1908 1314 1944 suo!

548 1969 693 2009 Cetera
721 1982 880 2019 queque
910 1970 1008 2009 deus
1038 1971 1123 2008 solo
1153 1982 1337 2010 sermone
1365 1971 1525 2018 creauit,

550 2036 645 2073 Hoc
674 2034 859 2073 formauit
888 2048 988 2085 opus
1016 2037 1281 2087 apposuitque
1310 2050 1484 2075 manum.
1847 2053 1911 2084 530

548 2100 712 2138 Terrula
741 2101 961 2149 suscipitur,
993 2102 1183 2139 formatur
1211 2115 1341 2141 massa
1370 2103 1522 2152 pusilla,

550 2166 612 2203 Fit
641 2178 783 2215 corpus
813 2166 996 2212 solidum,
1027 2167 1137 2216 quod
1166 2167 1239 2205 fuit
1267 2175 1360 2206 ante
1389 2169 1544 2207 solum:

551 2230 653 2269 Ossa
682 2231 898 2268 medullata
927 2232 1058 2269 neruis
1087 2233 1286 2282 compegit
1315 2233 1355 2270 in
1384 2246 1519 2280 vnum,

550 2296 742 2333 Firmauit
770 2308 924 2345 gressus
953 2297 1260 2346 composuitque
1287 2298 1480 2347 gradum:

554 2361 646 2399 Hiis
676 2373 793 2410 super
821 2361 975 2399 induxit
1003 2374 1123 2399 venas
1153 2369 1210 2400 set
1240 2363 1431 2412 sanguine
1459 2363 1607 2412 plenas,

552 2427 702 2466 Carnes
731 2426 889 2464 vestiuit
918 2426 1086 2476 pellibus
1115 2434 1234 2477 atque
1262 2428 1373 2477 pilis:

553 2491 783 2530 Visceribus
812 2492 939 2542 plenis
968 2492 1069 2531 fudit
1098 2493 1290 2542 spiracula
1319 2493 1407 2541 vite,

554 2558 615 2595 Ex
643 2557 788 2607 quibus
818 2558 955 2596 officiis
984 2558 1136 2608 singula
1165 2557 1343 2596 membra
1371 2566 1534 2599 vacant:

555 2623 613 2661 Os
642 2623 826 2672 loquitur,
857 2636 998 2661 manus
1028 2631 1191 2671 exercet,
1222 2636 1291 2673 pes
1321 2624 1450 2671 currit,
1480 2632 1519 2664 et
1548 2637 1661 2664 aures

555 2688 778 2734 Ascultant‚
808 2689 946 2726 oculus
976 2689 1103 2727 sidera
1133 2688 1238 2726 solus
1268 2688 1400 2728 habet.
1848 2706 1915 2738 540

556 2753 791 2792 Viuificatur
818 2754 952 2803 horno,
983 2755 1104 2804 surgit
1133 2754 1281 2793 factura
1310 2754 1499 2804 biformis,

1027 2883 1092 2914 535
1115 2874 1182 2916 set]
1202 2878 1236 2905 et
1251 2872 1342 2906 CEL
