2121 3173
425 228 504 279 326

138 605 292 645 Qualiter
323 613 398 642 rex,
436 612 504 633 om-

95 660 156 681 nes
195 657 416 689 quoscunque
458 646 506 676 le-

93 696 175 725 dere
204 697 322 732 posset
346 699 506 731 querens,

94 739 233 769 tandem
286 736 505 766 innocentem

94 782 269 813 dominum
286 780 328 810 de
342 778 505 810 Cobham,

95 827 151 865 qui
179 835 242 864 per
269 823 363 863 prius
390 820 506 852 seculo

96 869 304 900 renuncians
336 867 370 896 in
405 866 507 896 domo

96 911 307 944 Cartusiensi
332 915 414 941 tunc
437 918 507 939 mo-

96 968 166 988 ram
192 956 307 994 traxit,
335 954 440 984 eciam
473 953 507 982 in

95 1001 257 1032 iudicium
296 996 510 1038 parliamenti

95 1044 267 1085 produxit.
292 1040 512 1079 Setille,nulu

97 1090 131 1119 lo
173 1088 341 1118 minarum
377 1089 510 1114 terrore

97 1137 156 1164 aut
201 1130 508 1161 blandimentorum

97 1174 341 1207 exhortacione
398 1172 509 1202 locum

97 1222 236 1252 tiranno
274 1217 434 1257 prebens,
475 1216 509 1245 in

98 1264 256 1295 omnibus
277 1261 350 1292 suis
369 1269 510 1298 respon-

97 1307 252 1340 sionibus
293 1303 512 1335 fidelissimus

98 1351 358 1382 inveniebatur:
421 1347 512 1377 vnde

99 1406 163 1426 rex
203 1393 300 1434 quasi
338 1390 512 1428 confusus,

100 1442 175 1470 eius
202 1435 432 1469 constanciam
457 1434 512 1465 ab-

99 1485 258 1521 horrens,
300 1481 411 1520 ipsum
452 1488 512 1517 pre

100 1539 113 1556 x
124 1525 310 1557 erecundia
385 1522 513 1560 absque

100 1571 221 1602 mortis
269 1566 440 1599 sententia
479 1565 512 1595 in

102 1609 515 1650 exiliumlongiusabAn-

103 1659 170 1696 glia
189 1655 383 1689 destinauit.

149 1854 307 1894 Qualiter
345 1864 417 1894 rex,
460 1854 516 1893 qui

106 1910 169 1930 nec
199 1900 300 1929 deum
329 1898 426 1929 timet
453 1908 516 1929 nec

107 1943 276 1973 hominem
283 1947 430 1981 veretur,
439 1952 518 1973 con-

105 1994 156 2018 tra
196 1986 519 2017 reuerendissimum

107 2032 140 2061 in
153 2030 266 2061 Cristo
280 2035 410 2070 patrem
428 2029 518 2060 Tho—

109 2085 195 2105 mam
211 2074 423 2110 Arundellie,
438 2079 519 2104 tunc

108 2117 519 2149 CantuariensemArchi-

109 2163 316 2201 episcopum,
335 2162 413 2192 dum
431 2161 520 2191 inter

110 2216 169 2236 eos
200 2205 306 2236 maior
337 2205 520 2245 putabatur

111 2249 262 2288 dileccio,
322 2248 521 2280 occasiones

110 2292 522 2332 discordieimportabiles

110 2336 521 2375 ductusauariciafingere

112 2391 181 2411 non
220 2380 363 2411 erubuit.
422 2379 520 2410 Vnde

112 2425 202 2454 idem
258 2423 419 2463 Thomas,
481 2424 521 2453 de

113 2467 383 2506 Archiepiscopo
487 2467 521 2496 in

114 2522 183 2542 non
220 2510 523 2550 Archiepiscopum

114 2552 225 2585 subito
238 2558 395 2593 mutatus,
411 2554 524 2584 omnia

114 2601 202 2629 bona
223 2608 285 2628 sua
306 2603 371 2628 tarn
397 2602 526 2636 tempo-

116 2642 198 2672 ralia
219 2651 319 2681 quam
336 2641 525 2680 spiritualia

117 2686 234 2716 dolosa
264 2685 354 2724 regis
386 2684 523 2715 circum-

117 2729 283 2760 vencione
390 2728 525 2767 penitus

117 2773 229 2804 amisit
245 2783 252 2810 ;
344 2770 526 2811 expulsus-

593 2841 656 2870 218
673 2839 752 2870 lecit
766 2840 793 2871 C

551 2901 615 2931 243
631 2892 761 2932 mmgz'n
779 2892 1145 2933 nonarchiepiscopum
1162 2891 1227 2923 CH

915 221 1197 266 CRONICA
1226 221 1612 262 TRIPERTITA

634 332 806 383 Tangit
835 331 881 370 in
910 331 1088 377 ardore,
1120 328 1252 367 subito
1281 327 1381 379 perit
1409 328 1473 366 ille
1501 329 1649 367 dolore.
1936 342 1999 364 210

636 400 740 439 Cum
770 399 857 448 plus
887 409 1066 434 morosus
1097 394 1145 433 sit
1174 395 1308 442 homo,
1340 393 1463 444 magis
1493 400 1552 432 est
1580 392 1762 439 viciosus‚

637 463 738 513 Regi
767 461 835 512 qui
865 461 965 500 seuit
993 460 1115 512 pestis
1144 473 1225 511 quo
1254 458 1426 510 pessima
1454 458 1588 497 creuit.

690 530 803 565 Vnus
833 534 914 565 erat
943 525 1097 577 dignus,
1128 525 1300 576 paciens,
1332 524 1420 575 pius
1448 532 1568 575 atque
1598 522 1803 574 benignus,

636 592 832 631 Prouidus
861 599 900 630 et
928 591 1064 640 iustus,
1096 604 1252 629 morum
1281 590 1422 629 virtute
1451 590 1648 637 robustus,

638 659 732 696 Non
762 664 843 696 erat
872 656 1041 707 obfiqus,
1072 655 1181 706 regni
1210 663 1269 694 set
1298 669 1411 694 verus
1440 654 1616 693 amicus:

637 725 761 761 Hunc
790 736 857 761 rex
885 721 1022 769 odiuit‚
1054 721 1094 759 in
1125 735 1205 772 quo
1234 722 1341 760 bona
1370 720 1462 759 talia
1491 719 1606 759 sciuit
1621 735 1631 768 3

635 790 690 827 Vt
719 787 857 827 dicunt
888 787 1011 834 Mille,
1045 786 1232 826 dominus
1262 786 1448 826 Cobham
1477 785 1550 824 fuit
1579 785 1655 833 ille,

637 853 808 894 Cronica
837 866 937 903 quos
966 851 1064 900 lesit,
1097 851 1241 902 quibus
1270 851 1335 890 ille
1364 851 1491 890 fidelis
1520 850 1686 890 adhesit.

638 918 768 959 Cristo
798 925 856 956 set
884 931 974 956 vere
1003 916 1127 955 voluit
1156 915 1249 967 quia
1277 917 1356 955 fine
1385 918 1550 966 placere,

637 983 855 1022 Transtulit
883 984 935 1022 ad
965 983 1101 1021 sedem
1132 995 1173 1020 se
1204 980 1467 1021 Cartusiensis
1495 982 1547 1020 ad
1576 982 1718 1020 edem:
1940 995 2004 1016 220

641 1050 705 1088 Sic
734 1048 839 1100 cepit
869 1047 1031 1095 Cristus,
1063 1047 1187 1086 voluit
1217 1061 1338 1098 quern
1367 1048 1503 1086 tollere
1533 1048 1680 1094 fiscus3

640 1117 773 1165 Quem
803 1113 955 1154 Cristus
985 1113 1107 1161 duxit,
1139 1114 1257 1152 fiscus
1287 1112 1371 1151 sine
1400 1112 1483 1151 iure
1512 1111 1676 1151 reduxit.

640 1183 727 1219 Rex
756 1181 884 1219 scelus
912 1186 1083 1227 accusat,
1117 1178 1302 1218 Cobham
1332 1179 1459 1216 scelus
1489 1191 1609 1216 omne
1638 1184 1801 1223 recusat,

641 1245 864 1285 Iustificans
894 1246 1071 1293 factum3
1109 1243 1165 1283 sic
1194 1257 1254 1283 res
1283 1243 1475 1294 processit
1504 1243 1545 1281 in
1573 1250 1735 1281 actum:

641 1313 732 1361 Que
761 1310 862 1361 sapit
891 1312 966 1349 hec
995 1309 1179 1360 loquitur,
1211 1323 1286 1348 nee
1315 1309 1357 1347 in
1386 1311 1463 1348 hoc
1492 1322 1629 1348 vecors
1659 1307 1858 1359 reperitur,

643 1379 775 1416 Immo
805 1377 914 1427 quod
944 1383 1003 1415 est
1032 1383 1183 1415 certum
1212 1375 1293 1425 regi
1322 1374 1546 1414 manifestat
1574 1382 1765 1425 apertum.

642 1442 717 1490 Sic,
749 1441 841 1492 quia
869 1441 1064 1480 veridicus
1094 1441 1218 1479 tribus
1247 1448 1306 1479 est
1335 1448 1562 1479 constanter
1590 1439 1752 1486 amicus,

643 1509 729 1546 Rex
758 1505 1070 1557 condempnauit
1100 1506 1296 1553 Cobham,
1328 1513 1386 1544 set
1414 1519 1497 1543 non
1523 1504 1762 1543 maculauit:
1806 1495 1807 1498 Ἰ

644 1572 708 1611 Sic
737 1585 819 1610 non
848 1571 1055 1610 conuictus
1084 1570 1204 1621 gladii
1233 1583 1316 1608 non
1345 1570 1485 1609 senciit
1514 1570 1626 1617 ictus,

646 1637 762 1676 Exilii
790 1639 873 1675 lora
902 1636 1022 1675 subiit
1051 1644 1185 1674 tamen
1215 1635 1415 1674 exteriora.
1944 1649 2008 1681 230

646 1703 758 1741 Hinc
786 1715 881 1752 rogo
911 1703 1021 1752 quod
1050 1715 1171 1752 purus
1200 1702 1335 1740 redeat
1364 1715 1456 1740 cum
1485 1701 1603 1740 laude
1632 1702 1796 1747 futurus,

646 1771 700 1808 Vt
729 1768 784 1807 sic
813 1767 917 1807 felici
946 1767 1074 1806 reditu
1102 1768 1273 1806 letentur
1301 1766 1428 1805 amici.

702 1835 823 1872 Heu!
862 1846 951 1872 mea
979 1846 1112 1883 penna
1141 1833 1275 1871 madet
1303 1831 1484 1879 lacrimis,
1516 1832 1615 1871 dum
1643 1830 1812 1870 seribere
1842 1830 1981 1869 suadet

648 1901 897 1938 Infortunata
926 1898 1082 1937 sceleris
1111 1897 1255 1948 quibus
1284 1899 1426 1936 horreo
1453 1898 1543 1935 fata.

648 1967 743 2004 Non
773 1964 865 2003 satis
895 1971 954 2003 est
982 1977 1114 2014 regem
1144 1962 1284 2002 mundi
1314 1964 1525 2002 deflectere
1553 1964 1691 2012 legem,

649 2033 704 2069 Vt
733 2037 896 2081 pereant
924 2037 1061 2080 gentes
1091 2029 1164 2068 sub
1195 2042 1243 2067 eo
1273 2028 1357 2067 sine
1386 2030 1472 2078 lege
1501 2035 1719 2074 manentes,

647 2097 715 2135 Set
744 2095 867 2146 magis
896 2095 937 2133 in
968 2094 1142 2134 Cristum
1173 2094 1283 2142 seuit,
1316 2101 1555 2144 quapropter
1583 2094 1634 2132 ad
1663 2092 1781 2131 istum

648 2162 797 2200 Casum
826 2161 1057 2198 deflendum
1087 2172 1168 2197 non
1199 2167 1258 2197 est
1287 2158 1408 2197 michi
1437 2159 1557 2197 credo
1587 2158 1811 2196 tacendum.

648 2227 868 2275 Anglorum
898 2224 1059 2272 Primas,
1091 2237 1304 2274 suppremo
1333 2223 1506 2262 culmine
1536 2222 1679 2273 primas

650 2291 730 2340 Qui
759 2289 885 2329 tenuit
913 2291 1038 2336 sedes,
1070 2288 1209 2327 melius
1239 2290 1336 2328 dum
1366 2296 1494 2339 sperat
1523 2288 1564 2325 in
1593 2289 1698 2334 edes,
1947 2304 2011 2335 240

651 2358 774 2394 Hunc
804 2369 869 2394 rex
897 2354 1100 2405 compellit
1128 2361 1167 2393 et
1196 2367 1287 2392 eum
1317 2355 1368 2393 de
1397 2355 1500 2392 Sede
1528 2352 1691 2403 repellit,

652 2423 761 2460 Dum
790 2420 928 2459 Simon
958 2422 1089 2458 Rome
1118 2421 1344 2470 supplantat
1371 2420 1505 2457 federa
1532 2419 1701 2457 Thome.

652 2486 733 2525 Hic
762 2488 940 2524 Thomas
968 2493 1083 2524 natus
1113 2484 1280 2524 Comitis
1309 2484 1382 2522 fuit
1409 2483 1639 2531 intitulatus,

652 2551 829 2591 Clericus
856 2558 1024 2602 aptatus,
1055 2551 1194 2589 doctor
1222 2551 1273 2589 de
1301 2549 1384 2588 iure
1413 2557 1576 2597 creatus,

654 2616 826 2667 Legibus
855 2624 1026 2664 ornatus,
1058 2616 1263 2663 facundus,
1295 2614 1563 2665 morigeratus,

653 2683 757 2721 Cum
787 2681 917 2721 Cristo
946 2689 1077 2732 gratus
1106 2680 1146 2719 in
1176 2681 1372 2730 plebeque
1401 2679 1685 2730 magnificatus.

655 2747 691 2785 O
721 2760 840 2796 quam
870 2749 1040 2798 prelatus
1071 2755 1152 2785 tam
1181 2759 1301 2797 purus
1331 2753 1369 2784 et
1399 2745 1661 2784 inmaculatus

942 2850 1004 2871 221
1025 2841 1114 2881 sepit
1125 2840 1152 2871 C
1306 2849 1370 2879 229
1381 2839 1457 2870 ictis
1473 2839 1499 2869 C

1360 2901 1423 2930 244
1440 2896 1576 2931 optatus
1593 2891 1620 2922 C

1668 2839 1733 2878 236
1749 2838 1881 2878 periant
1896 2837 1956 2868 CH
1965 2837 2013 2868 Hz
