2095 3173
477 261 555 311 146

947 259 1078 300 VOX
1119 258 1480 299 CLAMANTIS

583 365 708 404 Sentit
738 372 776 404 et
806 364 844 403 in
875 378 969 403 casu
998 366 1110 415 plura
1138 366 1336 415 profunda
1364 371 1512 403 mouet.

582 430 840 481 Responsalis
869 429 905 468 ei
934 430 1148 480 respondet
1177 431 1228 468 ad
1257 429 1402 477 omnia,
1434 443 1566 480 quare,

582 497 668 534 Nec
698 495 790 534 sinit
818 509 841 533 a
869 495 997 546 logica
1026 495 1217 546 quicquid
1246 495 1354 533 abire
1384 508 1478 543 sua3
1864 510 1949 543 1450

581 562 764 611 Sepeque
794 560 949 600 doctori
978 560 1240 608 concluditur,
1272 560 1437 611 ipseque
1466 567 1620 598 tantum

581 627 784 666 Confusus
815 627 1004 665 cathedra
1031 626 1175 677 linquit
1204 626 1334 665 inesse
1365 639 1445 664 sua.

580 691 727 730 Leccio
757 693 860 731 lecta
889 700 1020 740 nocet,
1052 692 1184 732 decies
1214 691 1380 742 repetita
1408 691 1571 730 nocebit
1586 706 1596 739 3

581 758 690 795 Dum
719 757 812 807 legit
841 757 935 796 inde
964 757 1098 808 magis,
1131 759 1236 808 plus
1267 757 1359 795 sibi
1389 770 1557 796 sensus
1587 756 1735 795 hebes
1765 764 1843 795 est.

580 823 631 860 Et
661 821 716 860 sic
745 836 805 861 ars
835 830 1015 861 nostrum
1046 830 1225 861 curatum
1254 822 1385 861 reddit
1414 822 1591 870 inertem,

581 888 643 926 De
673 889 793 939 longo
824 888 957 927 studio
987 890 1060 927 fert
1090 888 1212 927 nichil
1242 888 1326 938 ipse
1356 890 1548 927 domum:

579 953 728 991 Stultus
757 953 813 992 ibi
841 954 960 1001 venit,
992 962 1050 993 set
1079 953 1240 992 stulcior
1268 953 1362 992 inde
1391 953 1545 1001 redibit,

581 1019 691 1056 Dum
721 1021 940 1070 repetendo
970 1019 1087 1058 scolis
1117 1019 1166 1058 sit
1196 1019 1319 1070 magis
1350 1019 1434 1069 ipse
1460 1020 1658 1069 frequens.

634 1086 725 1123 Hec
754 1093 813 1124 est
842 1085 908 1124 illa
937 1087 1055 1133 scola,
1088 1087 1221 1124 studet
1250 1085 1291 1123 in
1321 1099 1400 1135 qua
1428 1086 1566 1132 clerus,
1598 1092 1639 1123 vt
1667 1097 1759 1134 yma

579 1150 729 1188 Nature
757 1150 841 1189 iura
869 1151 1014 1190 scribat
1042 1151 1083 1189 in
1111 1159 1193 1190 arte
1223 1164 1316 1189 sua:
1864 1156 1948 1195 1460

578 1215 755 1254 Praetica
784 1216 981 1266 discipulo
1010 1217 1114 1256 bene
1144 1216 1333 1255 conuenit
1361 1223 1481 1266 atque
1510 1215 1708 1266 magistro,

577 1281 631 1318 Vt
661 1281 951 1331 speculatiuum
981 1289 1183 1320 construat
1212 1281 1297 1332 ipse
1326 1294 1454 1319 suum.

579 1346 669 1383 Hec
699 1354 758 1384 est
786 1345 852 1385 illa
881 1348 988 1385 scola
1017 1361 1134 1397 super
1163 1360 1302 1385 omnes
1331 1346 1420 1385 labe
1449 1347 1629 1393 colenda,

578 1410 669 1458 Qua
698 1410 829 1449 socius
858 1411 1007 1450 sociam
1036 1413 1213 1462 gaudet
1242 1412 1388 1450 habere
1418 1424 1554 1449 suam:

576 1476 765 1513 Attamen
794 1475 860 1514 illa
888 1478 1005 1524 scola,
1037 1478 1134 1515 dum
1164 1476 1213 1515 sit
1242 1476 1348 1515 socie
1377 1475 1540 1524 sociata,

577 1539 675 1578 Fine
704 1540 815 1579 dabit
844 1541 996 1580 socium
1026 1543 1212 1592 plangere
1240 1549 1349 1591 gesta
1377 1554 1499 1579 reum.

577 1603 641 1643 Sic
671 1607 778 1643 scola
806 1619 898 1644 cum
928 1605 1036 1644 socia
1064 1607 1272 1645 confirmat
1301 1605 1341 1643 in
1370 1613 1452 1644 arte
1482 1606 1684 1652 scolarem,

576 1670 663 1709 Fiet
693 1672 802 1721 quod
831 1671 965 1719 laicus,
997 1673 1160 1722 quando
1190 1671 1374 1722 magister
1403 1670 1484 1709 erit.

576 1736 695 1774 Heu!
735 1735 862 1785 grauis
893 1744 951 1775 est
981 1736 1102 1784 socia,
1129 1736 1258 1787 grauis
1289 1743 1347 1774 est
1376 1737 1483 1774 scola
1511 1735 1646 1774 iuncta
1675 1735 1812 1783 sodali,

576 1800 658 1838 Ista
686 1808 795 1838 vorat
824 1814 977 1851 corpus,
1009 1800 1155 1851 illaque
1184 1800 1285 1839 tollit
1315 1814 1434 1851 opes:
1856 1815 1941 1849 ยน470

576 1865 648 1902 Est
677 1863 888 1903 inhonesta
917 1867 994 1904 deo
1023 1879 1094 1913 res,
1128 1873 1166 1904 et
1195 1865 1374 1904 mirabile
1403 1865 1522 1916 plebi,

575 1931 752 1979 Quando
781 1931 966 1981 magister
994 1931 1066 1970 erit
1093 1939 1213 1982 atque
1242 1931 1417 1970 ribaldus
1447 1931 1566 1970 idem.

629 1994 810 2033 Ecclesia
839 2009 984 2046 sponsa
1013 1997 1135 2045 nuda,
1163 1995 1326 2035 vestitur
1353 1996 1506 2044 amica3

574 2061 728 2110 Sponsa
757 2061 891 2100 relicta
920 2062 1030 2112 perit,
1061 2063 1183 2100 altera
1211 2076 1300 2100 cara
1329 2062 1458 2112 viget:

575 2125 638 2164 Sic
668 2127 908 2176 desponsata
936 2129 1105 2165 clamare
1135 2128 1214 2165 fide
1244 2127 1319 2166 sibi
1347 2129 1469 2166 fracta

574 2191 693 2228 Nunc
722 2190 829 2228 venit
859 2191 1025 2229 ecclesia
1053 2191 1136 2229 iura
1165 2194 1340 2241 petendo
1370 2206 1449 2230 sua.

574 2255 641 2292 Set
670 2254 763 2304 quia
792 2257 857 2293 lux
886 2255 1010 2305 periit,
1042 2255 1141 2305 perit
1171 2255 1264 2294 hinc
1293 2256 1364 2303 ius,
1396 2256 1532 2306 sicque
1561 2256 1709 2296 recedit

574 2319 710 2358 Curati
739 2332 885 2369 sponsa
913 2327 1020 2358 stans
1050 2320 1162 2370 quasi
1192 2328 1274 2358 tota
1303 2334 1409 2370 vaga.

573 2383 636 2422 Sic
666 2391 793 2422 rector
821 2384 930 2423 viciis
960 2384 1136 2423 studium
1166 2398 1247 2423 non
1277 2385 1453 2424 moribus
1482 2393 1634 2436 aptans,

573 2450 652 2487 Dat
680 2449 879 2488 decimam
908 2450 1064 2498 Veneri,
1096 2463 1174 2500 que
1203 2452 1302 2488 solet
1331 2464 1416 2489 esse
1445 2451 1533 2489 dei:
1853 2461 1936 2500 1480

572 2514 636 2553 Sic
665 2515 739 2553 sibi
769 2515 1017 2554 consimilem
1045 2523 1205 2566 generat
1233 2523 1401 2563 curatus,
1432 2524 1474 2554 vt
1502 2524 1626 2555 artem

574 2581 725 2619 Nature
755 2580 911 2619 solitam
940 2581 1137 2630 compleat
1166 2579 1250 2630 ipse
1290 2593 1426 2618 suam:

572 2643 636 2682 Sic
665 2644 768 2695 viget
797 2645 837 2683 in
867 2645 999 2684 studio
1028 2644 1116 2683 laici
1145 2651 1301 2683 curatus
1330 2646 1382 2683 ad
1411 2645 1532 2684 instar

571 2709 768 2759 Corporis,
799 2717 840 2748 vt
868 2723 1005 2748 sexum
1033 2709 1293 2759 multiplicare
1322 2717 1464 2759 queat:

571 2772 635 2811 Sic
664 2775 781 2821 scola,
812 2787 890 2824 que
918 2787 1074 2813 morum
1104 2781 1227 2812 mater
1255 2774 1378 2823 magis
1407 2788 1492 2813 esse
1522 2776 1685 2822 solebat,

572 2838 749 2877 Efficitur
777 2839 886 2877 viciis
915 2841 1033 2877 stulta
1062 2851 1234 2877 nouerca
1266 2839 1356 2877 suis.

521 2922 603 2952 1454
627 2913 704 2954 plus
720 2914 784 2945 sibi
801 2924 924 2946 sensus
941 2915 1047 2945 hebes
1065 2918 1116 2946 est
1133 2913 1257 2946 SGDL
1303 2915 1340 2946 fit
1357 2914 1420 2946 sibi
1437 2925 1559 2946 sensus
1575 2915 1681 2947 hebes
1697 2915 1876 2947 CEHTH2
