2095 3173
392 228 468 265 160
864 224 994 266 VOX
1035 223 1393 265 CLAMANTIS

499 331 684 371 Inueniet
714 332 867 370 tardam
897 344 947 369 ne
977 329 1052 368 sibi
1081 331 1211 368 lentus
1241 342 1385 379 opem:

499 397 702 448 Opprime,
734 398 831 435 dum
861 408 968 433 noua
996 402 1098 442 sunt,
1131 393 1251 432 subiti
1281 395 1385 432 mala
1414 392 1566 432 semina
1595 392 1734 440 morbi,

501 465 552 502 Et
582 471 672 501 tuus
701 460 896 511 incipiens
926 459 981 499 ire
1010 459 1163 499 resistat
1193 473 1290 510 equs
1307 474 1317 507 ;

499 530 604 567 Nam
635 540 745 565 mora
773 528 840 565 dat
869 525 980 573 vires,
1011 533 1164 564 teneras
1194 538 1306 563 mora
1334 523 1494 563 conficit
1522 536 1629 571 vuas,

500 596 551 632 Et
580 592 728 631 validas
758 599 909 642 segetes
939 592 1049 641 quod
1078 591 1150 629 fuit
1179 591 1301 629 herba
1329 589 1432 628 facit.
1781 603 1866 637 1950

499 658 539 698 Si
568 660 706 697 Venus
735 657 942 708 agreditur,
974 656 1045 695 tibi
1075 656 1124 695 sit
1153 656 1276 707 magis
1305 669 1444 706 aspera
1471 654 1561 701 vita,

501 725 681 762 Flamma
709 736 846 762 recens
876 722 1035 761 modica
1063 736 1157 773 sepe
1186 723 1357 761 retardat
1385 734 1498 771 aqua.

499 791 555 828 Vt
583 802 726 840 corpus
755 787 937 836 redimas,
969 789 1114 827 ferrum
1142 787 1308 838 pacieris
1338 794 1376 825 et
1405 786 1552 837 ignem,

501 857 708 905 Quantum
737 855 810 893 fert
838 853 970 892 anime
999 855 1087 904 plus
1117 852 1316 892 medicina
1344 860 1421 891 tue.

502 920 603 960 Ocia
631 919 663 958 si
691 921 817 967 tollas,
856 918 1005 970 periere
1036 918 1246 969 Cupidinis
1275 931 1399 965 arcus,

503 985 767 1035 Extincteque
796 984 927 1023 iacent
955 992 994 1023 et
1023 984 1107 1023 sine
1136 986 1224 1022 luce
1253 985 1369 1022 faces.

556 1053 612 1090 Vt
640 1064 722 1089 non
752 1050 970 1101 delinquas,
1003 1050 1126 1089 debes
1155 1049 1360 1100 imponere
1390 1049 1506 1098 culpe

504 1119 642 1164 Frena,
673 1130 792 1167 vagos
821 1130 987 1167 gressus,
1016 1115 1104 1155 ocia
1132 1128 1290 1166 queque
1319 1116 1470 1165 fugans.

504 1182 747 1221 Presbiteros
777 1195 896 1232 opere
924 1183 975 1221 de
1004 1195 1044 1220 re
1073 1181 1148 1220 sibi
1177 1194 1255 1231 que
1284 1179 1333 1218 sit
1361 1181 1540 1225 honesta,

505 1251 586 1287 Aut
616 1261 657 1287 se
686 1249 737 1287 de
765 1246 949 1298 precibus
979 1246 1187 1285 sollicitare
1217 1247 1357 1284 decet:
1787 1247 1872 1291 1960

506 1313 617 1353 Fecit
645 1313 752 1352 enim
782 1305 945 1363 sportas,
977 1319 1018 1350 vt
1047 1313 1240 1363 frangeret
1270 1310 1367 1358 ocia,
1400 1311 1557 1356 Paulus,

507 1381 694 1430 Namque
722 1392 867 1429 vagans
896 1377 1031 1428 aliquo
1060 1377 1187 1416 noluit
1217 1390 1302 1415 esse
1331 1376 1466 1414 modo.

508 1447 568 1484 Ex
596 1443 731 1495 requie
760 1443 883 1494 cerpit
911 1443 1032 1494 pestis
1062 1442 1268 1482 seuissima
1297 1443 1421 1489 luxus,

507 1510 688 1560 Armiger
716 1516 755 1548 et
783 1510 887 1548 fame
916 1508 1104 1559 prodigus
1132 1507 1258 1546 hostis
1287 1508 1439 1545 honor:

509 1579 569 1615 Ex
597 1574 732 1626 requie
761 1573 937 1625 sequitur
965 1573 1206 1612 infortunata
1234 1575 1427 1623 voluptas,

510 1640 721 1691 Pauperies
749 1639 893 1687 anime,
923 1639 1097 1678 criminis
1127 1652 1246 1677 omne
1275 1639 1437 1689 nephas.

511 1705 727 1745 Luxuriant
756 1704 879 1743 animi
906 1704 1012 1743 varia
1041 1705 1115 1743 sub
1144 1703 1326 1754 ymagine
1356 1702 1464 1750 moti,

509 1774 657 1812 Saltem
686 1770 838 1809 virtutis
868 1771 965 1809 dum
995 1782 1086 1808 caro
1115 1769 1241 1808 nescit
1270 1783 1394 1820 opus:

508 1837 615 1876 Vtile
643 1849 788 1886 nempe
817 1834 928 1874 dabit
957 1836 1055 1874 deus
1084 1848 1204 1873 omne
1232 1834 1322 1873 viris
1351 1833 1539 1885 operosiS,

512 1903 645 1942 Debet
673 1901 867 1941 mercedis
895 1902 1074 1952 pondera
1101 1902 1200 1939 ferre
1228 1901 1350 1939 labor.
1793 1911 1877 1946 ¹970

511 1968 744 2008 Sollicitudo
774 1969 889 2006 decet
917 1966 1092 2005 animam
1121 1966 1300 2014 discreta,
1331 1966 1486 2004 labores

513 2036 622 2073 Dum
652 2033 770 2080 subit,
800 2040 841 2071 vt
869 2031 970 2070 vicia
999 2045 1115 2070 carne
1145 2032 1308 2070 domare
1337 2038 1483 2081 queat:

513 2099 747 2138 Sollicitudo
775 2097 885 2136 iuuat
914 2110 1068 2147 corpus,
1099 2095 1298 2147 perquirat
1326 2104 1367 2134 vt
1395 2095 1462 2134 illa

512 2164 687 2211 Victum,
719 2176 799 2213 quo
828 2161 943 2200 licitis
972 2161 1079 2200 viuat
1107 2161 1148 2198 in
1177 2162 1273 2200 orbe
1303 2160 1457 2199 modis:

515 2229 615 2269 Ocia
643 2230 821 2277 dumque
850 2240 940 2265 caro
970 2225 1067 2276 petit
1095 2234 1134 2264 et
1163 2233 1292 2276 torpet
1320 2226 1432 2264 labor
1460 2226 1559 2272 exul,

517 2296 565 2333 In
595 2295 722 2332 scelus
751 2306 799 2331 ex
827 2291 943 2330 solito
973 2305 1082 2329 more
1111 2299 1268 2341 paratur
1295 2290 1378 2329 iter.
1488 2279 1493 2283 i

518 2362 678 2398 Demon
707 2358 900 2397 femineos
929 2365 968 2396 et
997 2358 1136 2395 molles
1165 2356 1290 2407 diligit
1319 2364 1440 2403 actus,

517 2426 692 2474 Quando
721 2423 791 2462 viri
820 2423 941 2462 virtus
970 2436 1090 2461 omne
1118 2421 1227 2460 virile
1256 2428 1401 2471 negat3

517 2489 618 2530 Ocia
643 2489 790 2540 quippe
819 2495 966 2527 nocent
995 2487 1035 2526 in
1065 2487 1208 2525 talibus
1237 2487 1388 2536 absque
1417 2486 1563 2533 labore,

519 2557 701 2605 Quorum
731 2553 946 2594 Cristicolis
975 2567 1057 2592 non
1084 2554 1187 2591 valet
1216 2566 1301 2591 esse
1330 2553 1443 2590 salus.
1794 2557 1880 2600 1980

519 2622 649 2670 Culpa
677 2619 839 2670 quidem
868 2621 985 2669 longe
1013 2617 1105 2657 facit
1133 2631 1219 2656 esse
1247 2618 1335 2664 deo,
1366 2630 1489 2667 prope
1517 2616 1637 2655 virtus
1652 2631 1662 2665 ;

521 2685 716 2736 Displicet
744 2685 818 2723 ista
846 2686 935 2732 deo,
966 2686 1094 2735 placat
1123 2691 1161 2722 et
1190 2683 1254 2721 illa
1283 2684 1414 2722 deum.

1004 2800 1088 2840 1963
1111 2798 1217 2838 serpit
1235 2798 1291 2829 CE
