2095 3173
696 215 885 256 LIBER
925 215 1239 257 SEPTIMUS

345 321 538 360 Naturam
567 321 676 361 viciis
706 323 826 361 seruit
855 323 906 361 ad
935 329 1022 361 acta
1050 323 1143 361 foris
1158 337 1168 371 3

342 388 404 424 Ac
432 388 563 426 anime
590 387 695 427 racio
724 389 850 426 carnis
879 387 1018 426 viciata
1045 389 1177 438 vigore

347 453 410 490 De
439 452 579 492 virtute
609 453 729 491 nichil
757 454 940 492 interiore
969 454 1081 503 sapit.

399 518 585 567 Morigeri
614 518 736 557 cicius
764 519 887 557 modo
916 525 1008 557 sunt
1037 519 1182 557 derisio
1210 518 1348 569 plebis,

346 583 398 621 Et
427 584 533 621 scola
562 584 713 633 peccati
743 582 971 632 iustificabit
1000 597 1126 634 opus:

345 648 436 696 Que
464 649 562 686 solet
591 649 656 686 illa
683 649 785 688 viros
814 650 934 688 veteri
963 650 1013 688 de
1042 662 1152 688 more
1180 649 1308 698 beare,

347 714 433 751 Iam
463 726 569 752 noua
597 713 728 752 virtuti
758 715 866 752 frena
895 714 1020 753 libido
1050 721 1196 753 mouet.

348 780 456 817 Inter
483 792 552 818 eos
582 780 721 818 mundi
751 780 895 830 quibus
924 787 983 819 est
1011 781 1159 819 donata
1188 787 1373 831 potestas,

347 845 434 883 ‘Sic
463 846 565 892 volo,
597 844 652 883 sic
681 844 824 893 iubeo,'
854 852 945 884 sunt
975 846 1086 896 quasi
1116 847 1198 884 iura
1228 847 1361 885 modo.

345 910 618 949 Succumbunt
647 912 737 949 iusti
765 912 991 959 clamantes,
1025 913 1130 950 ‘Vel
1169 912 1278 962 quod
1307 911 1348 950 in
1378 911 1474 951 orbe

347 976 476 1025 Impia
505 989 593 1025 pars
623 976 830 1014 hominum
860 977 1012 1026 singula
1041 989 1160 1027 regna
1188 977 1301 1015 terit.'

346 1041 417 1078 Vis
447 1040 630 1090 prohibet
658 1042 775 1091 leges,
806 1048 990 1080 euertunt
1019 1043 1183 1080 crimina
1212 1054 1354 1089 mores,

346 1106 480 1144 Virtus
510 1105 661 1156 peccati
690 1107 847 1146 turbine
875 1119 1018 1156 quassa
1044 1108 1169 1156 perit:

347 1172 526 1209 Mundus
555 1171 744 1219 turbatur,
775 1184 904 1211 rerum
933 1173 1189 1211 confunditur
1217 1172 1331 1220 ordo,

348 1237 602 1286 Involuitque
631 1236 747 1275 simul
776 1237 910 1276 omnia
937 1238 1085 1287 grande
1113 1238 1247 1276 chaos.

401 1303 612 1351 Squalidus
642 1302 682 1340 in
712 1309 811 1341 terra
841 1303 896 1341 sic
925 1309 1002 1355 stat
1029 1302 1184 1353 genitor
1211 1303 1458 1353 genitusque,

347 1368 471 1416 Quod
500 1375 639 1406 natura
669 1381 741 1406 suo
770 1369 832 1406 vix
861 1375 937 1407 stat
967 1369 1006 1406 in
1036 1368 1132 1407 orbe
1161 1369 1261 1407 loco.

349 1433 470 1471 Liuor
498 1441 537 1472 et
565 1433 748 1481 ambicio,
779 1435 879 1484 gula,
911 1435 1025 1482 fraus,
1057 1435 1272 1472 metuenda
1300 1432 1437 1481 libido,

349 1499 424 1545 Ira,
455 1505 586 1537 tumor
614 1498 768 1546 mentis,
800 1498 995 1547 scismata,
1025 1499 1151 1537 laudis
1180 1511 1302 1547 amor,
1364 1490 1368 1494 ⁴

348 1562 602 1602 Ambiciosus
633 1565 770 1612 honor,
801 1577 913 1602 amor
941 1571 979 1603 et
1008 1565 1219 1603 sceleratus
1249 1563 1435 1612 habendi,

350 1629 444 1678 Ipse
473 1629 683 1679 voluptatis
712 1642 803 1668 vsus
833 1636 871 1668 et
891 1642 984 1668 ecce
1013 1630 1152 1677 malus,

351 1695 481 1743 Furta,
512 1696 658 1744 rapina,
690 1696 816 1742 dolus,
848 1702 976 1734 metus
1006 1702 1044 1733 et
1073 1694 1254 1744 periuria,
1284 1701 1403 1733 testes

351 1760 451 1798 Sunt
479 1761 619 1798 mundi
648 1761 758 1810 quod
787 1759 857 1798 erit
886 1761 1075 1799 ammodo
1105 1761 1211 1798 nulla
1239 1760 1350 1798 fides.

1620 230 1701 270 305

1619 329 1703 361 1180

1619 991 1704 1025 1190

1624 1644 1709 1667 1200

286 1889 366 1924 Hic
402 1889 583 1932 loquitur
616 1888 666 1923 de
699 1889 834 1923 variis
866 1888 1069 1923 vindictis
1102 1889 1325 1923 occasione
1358 1889 1520 1932 peccati
1554 1889 1599 1923 in
1631 1888 1710 1923 hoc

244 1949 382 1984 seculo
415 1948 499 1982 iam
534 1948 655 1991 quasi
701 1947 854 1982 cotidie
898 1947 1255 1990 contingentibus,
1300 1957 1377 1990 que
1423 1947 1580 1991 absque
1625 1948 1708 1982 ius-

244 2009 383 2043 torum
426 2007 610 2041 virorum
658 2006 819 2041 meritis
869 2008 912 2041 et
959 2006 1230 2040 oracionibus
1276 2006 1516 2041 nullatenus
1569 2006 1712 2041 sedari

245 2067 449 2111 poterunt.

86 2149 215 2199 Capm.
238 2145 325 2185 xxii.

307 2922 401 2945 ****

415 2146 520 2184 Ecce
549 2144 633 2184 dies
662 2144 834 2192 veniunt,
866 2145 1033 2194 predixit
1061 2157 1161 2194 quos
1189 2144 1273 2183 fore
1301 2145 1465 2192 Cristus‚

355 2213 407 2250 Et
435 2219 595 2261 patuere
624 2211 691 2249 diu
721 2210 839 2249 verba
868 2209 1045 2249 timenda
1073 2210 1149 2249 dei.

353 2278 582 2315 Precessere
612 2277 745 2323 fames,
776 2276 907 2325 pestis,
938 2282 1070 2314 motus
1100 2287 1260 2324 quoque
1288 2281 1399 2321 terre,

354 2342 551 2391 Signaque
581 2342 631 2380 de
660 2342 757 2388 celo,
789 2348 863 2379 stat
892 2353 1053 2390 quoque
1081 2353 1218 2391 guerra
1247 2341 1393 2378 modo:

356 2407 504 2444 Nititur
530 2407 717 2445 aduersus
746 2419 910 2456 regnum
939 2418 1173 2455 consurgere
1201 2417 1376 2454 regnum,

357 2472 466 2510 Gens
494 2480 629 2509 contra
657 2478 826 2521 gentem,
859 2472 913 2509 sic
941 2477 1049 2520 patet
1078 2482 1197 2508 omne
1226 2470 1385 2507 malum.

355 2538 410 2574 Vt
439 2537 591 2586 pecoris
620 2536 675 2574 sic
704 2544 762 2575 est
791 2535 963 2575 hominis
992 2536 1101 2573 fusus
1130 2534 1253 2572 modo
1282 2534 1453 2584 sanguis,

356 2601 472 2638 Victa
501 2601 600 2639 iacet
628 2601 763 2650 pietas,
794 2608 832 2640 et
861 2600 952 2639 sinit
982 2601 1054 2638 ista
1083 2600 1205 2638 deus:

359 2667 430 2704 Est
460 2673 498 2703 et
527 2666 657 2704 adhuc
686 2666 829 2704 vindex
857 2672 1015 2704 extenta
1044 2676 1184 2702 manus
1214 2663 1386 2703 ferientis

358 2731 606 2770 Continuans
635 2730 778 2780 plagas,
809 2742 884 2769 nec
913 2731 1024 2768 timet
1052 2729 1151 2766 vllus
1181 2741 1257 2767 eas.

644 2817 725 2846 1186
748 2816 877 2853 mouet]
896 2819 993 2847 tenet
1011 2814 1133 2846 EDLT

641 2868 724 2908 Cap.
741 2869 822 2899 xxii.
846 2867 1005 2909 Heading
1025 2878 1044 2898 2
1068 2867 1222 2908 quotidie
1239 2866 1330 2898 CED

965 2934 994 2960 x

1626 2615 1709 2637 1210
