2095 3173
651 227 841 268 LIBER
881 227 1169 278 QUINTUS
1566 244 1645 282 213

287 332 437 371 Federa
466 338 670 380 seruasset,
703 332 735 370 si
765 345 845 371 non
875 333 1047 372 formosa
1075 334 1222 382 fuisset,

286 398 451 447 Sponsa,
482 408 560 447 que
589 398 827 436 multociens
858 410 918 437 res
948 399 1066 438 docet
1095 400 1168 438 ista
1197 406 1350 449 patens.

287 463 419 511 Quam
449 463 586 501 Venus
616 463 779 512 inspirat
808 471 937 502 seruat
966 465 1148 503 custodia
1177 465 1295 513 nulla,

286 528 352 566 Ad
381 527 528 566 fatuam
559 528 691 566 nullus
721 528 835 566 limes
864 529 1042 578 agendus
1073 531 1168 569 erit:

287 592 391 631 Cum
421 593 559 630 Venus
589 598 628 630 et
657 593 798 631 mulier
827 599 983 642 tempus
1013 606 1091 643 que
1120 595 1252 633 locum
1282 594 1357 634 sibi
1387 596 1544 646 spirant,

287 658 381 695 Non
410 663 514 695 caret
544 658 686 695 effectu
716 657 826 707 quod
856 658 1015 697 voluere
1044 659 1150 698 duo:

286 722 508 760 Frustratur
536 729 669 760 custos
700 723 884 770 mulieris,
916 723 1012 761 dum
1043 731 1175 763 tamen
1205 725 1290 775 ipsa

286 788 337 826 Se
365 799 447 825 non
477 787 660 834 custodit,
692 788 724 826 si
753 788 852 826 foret
881 789 965 838 ipse
995 789 1107 828 Cato.

286 853 402 890 Tunc
430 852 536 902 prius
566 853 756 902 incipient
784 860 907 892 turres
937 854 1058 892 vitare
1087 855 1283 903 columbe,

286 917 412 955 Antra
441 917 532 964 fere,
564 918 739 967 pecudes
768 919 955 968 gramina,
988 931 1144 969 mergus
1173 933 1306 970 aquas,
1583 939 1647 969 440

286 982 452 1021 Femina
481 995 572 1021 cum
602 983 767 1021 Veneris
796 984 947 1022 fatuum
979 992 1173 1023 scrutetur
1200 993 1411 1031 amantem,

288 1048 340 1086 Et
370 1060 452 1086 non
481 1048 656 1086 inveniat
685 1049 737 1087 ad
767 1061 836 1087 sua
865 1049 967 1087 facta
997 1050 1141 1088 locum.

288 1114 438 1152 Littora
467 1120 564 1163 quot
593 1114 777 1160 conchas,
809 1122 906 1164 quot
934 1127 1077 1153 amena
1105 1117 1250 1154 rosaria
1279 1117 1406 1165 flores,

288 1179 479 1228 Quotque
508 1179 722 1228 soporifera
749 1192 869 1229 grana
898 1192 1071 1229 papauer
1100 1180 1230 1228 habet,

287 1244 394 1282 Silua
424 1244 523 1282 feras
553 1250 651 1293 quot
679 1244 758 1290 alit,
790 1250 887 1294 quot
916 1244 1091 1294 piscibus
1121 1246 1226 1284 vnda
1256 1253 1421 1294 natatur,

288 1308 339 1347 Et
368 1314 479 1347 tener
508 1321 554 1347 ex
583 1309 724 1358 pennis
754 1321 844 1347 aera
872 1309 1002 1358 pulsat
1030 1310 1127 1356 auis,

289 1374 382 1412 Non
413 1373 561 1411 faciunt
591 1385 787 1411 summam
816 1374 946 1420 talem,
979 1386 1057 1423 que
1086 1374 1230 1412 dicitur
1258 1387 1361 1424 eque

287 1438 354 1477 Ad
382 1438 485 1476 mala
514 1450 592 1488 que
621 1438 762 1476 mulier
790 1439 981 1477 insidiosa
1010 1446 1129 1488 parat.

341 1504 412 1542 Est
441 1504 615 1542 mundus
644 1504 769 1551 fallax,
801 1504 940 1542 mulier
969 1505 1142 1543 fallacior
1171 1505 1268 1554 ipso,

288 1569 436 1607 Senciit
465 1568 629 1606 infidam
657 1581 749 1606 nam
779 1569 983 1618 paradisus
1012 1581 1127 1608 eam:
1583 1585 1649 1616 450

287 1634 360 1672 Est
390 1634 506 1683 lupus
537 1646 630 1672 ecce
661 1634 787 1672 latens
816 1635 907 1684 agni
933 1633 1008 1673 sub
1037 1635 1180 1673 vellere
1209 1635 1394 1682 mundus,

289 1700 383 1748 Quo
412 1698 551 1737 lambit
580 1699 721 1748 primo,
753 1700 832 1738 fine
862 1700 1061 1738 remordet
1091 1712 1149 1738 eo.

288 1764 383 1801 Hoc
412 1770 546 1801 tamen
576 1770 634 1802 est
664 1771 782 1809 extra,
813 1772 871 1802 set
901 1765 1126 1813 serpentina
1155 1764 1341 1802 columba

290 1829 486 1866 Prouocat
516 1829 555 1865 in
585 1829 768 1866 thalamis
798 1829 974 1878 dampna
1003 1830 1226 1878 propinqua
1256 1830 1406 1879 magis3

291 1895 382 1932 Hec
411 1894 558 1932 etenim
589 1906 749 1943 serpens
780 1900 849 1940 est,
881 1906 959 1943 que
988 1906 1058 1943 per
1086 1895 1193 1932 mille
1222 1895 1433 1933 meandros

290 1959 461 2008 Decipit,
493 1965 531 1997 et
561 1971 741 2008 pungens
771 1959 890 1997 corda
920 1959 1054 2008 quieta
1081 1959 1178 1997 ferit.

290 2025 390 2072 Quis
421 2025 529 2062 fortis
556 2032 690 2062 manet
718 2031 786 2062 aut
816 2024 973 2074 sapiens
1004 2025 1135 2062 illesus
1163 2024 1215 2062 ab
1245 2025 1340 2074 ipsa,

290 2088 450 2128 Celicus
480 2096 548 2137 est,
583 2096 641 2127 set
673 2101 761 2127 eam
790 2090 948 2127 vincere
977 2096 1078 2128 terra
1107 2090 1267 2138 nequit:

289 2155 518 2204 Sampsonis
547 2155 646 2193 vires
675 2155 828 2204 gladius
859 2167 989 2204 neque
1020 2155 1153 2193 Dauid
1182 2155 1222 2192 in
1252 2155 1376 2204 ipsam

291 2220 400 2268 Quid
430 2220 567 2266 laudis,
600 2232 738 2258 sensus
767 2227 834 2258 aut
864 2221 1088 2258 Salomonis
1118 2220 1278 2259 habent.
1583 2228 1648 2269 460

289 2285 342 2322 Vt
371 2285 468 2334 quid
496 2285 547 2322 ad
576 2285 654 2322 huc
684 2286 795 2323 miles
825 2291 992 2335 temptat
1021 2298 1204 2335 superare
1232 2287 1459 2333 modernus,

290 2350 460 2388 Vincere
489 2351 599 2399 quod
628 2351 726 2388 tanti
756 2363 838 2389 non
869 2358 1034 2400 potuere
1063 2351 1163 2389 viri?

290 2416 385 2453 Non
414 2423 473 2454 est
502 2428 621 2465 quem
651 2416 799 2454 faciunt
829 2423 1024 2454 transacta
1053 2417 1228 2466 pericula
1256 2423 1428 2464 cautum,

290 2481 357 2519 Set
386 2481 508 2530 magis
538 2481 577 2518 in
607 2481 770 2530 laqueos
799 2493 900 2530 quos
929 2481 1036 2519 videt
1065 2482 1147 2530 ipse
1177 2481 1293 2519 cadit.

291 2545 391 2594 Quis
420 2552 524 2583 vetat
552 2557 575 2582 a
603 2546 756 2595 magnis
784 2546 835 2584 ad
865 2558 925 2584 res
955 2546 1135 2594 exempla
1163 2546 1336 2583 minores

290 2611 481 2648 Sumere?
520 2617 578 2649 set
607 2618 740 2648 noster
768 2624 849 2649 non
879 2611 970 2649 sinit
1000 2611 1097 2649 illud
1126 2623 1246 2648 amor.

291 2677 544 2724 Impetuosus
573 2675 652 2724 agit
681 2688 854 2725 pugnam
883 2676 1086 2726 gladiator,
1119 2682 1158 2714 et
1187 2676 1292 2713 idem

291 2741 509 2778 Immemor
537 2741 688 2789 antiqui
719 2741 889 2779 vulneris
919 2753 1026 2779 arma
1056 2741 1174 2790 capit.

227 2837 292 2865 450
333 2826 411 2857 Text
440 2825 518 2856 SH2
586 2825 647 2856 Illa
675 2826 814 2865 quidem
845 2827 956 2858 fatuos
984 2837 1051 2867 que
1083 2826 1164 2866 ligat
1195 2831 1270 2858 arte
1300 2827 1394 2858 viros
1425 2826 1647 2859 CEHGTDL

183 2888 247 2917 454
271 2878 304 2909 in
321 2878 476 2909 thalamis
493 2878 517 2909 S
564 2877 705 2909 interius
722 2878 915 2910 CEHGDL
