2095 3173
665 206 855 246 LIBER
895 206 1208 247 SEPTIMUS
1592 218 1668 257 301

315 313 409 362 Quo
437 325 592 362 semper
620 314 794 360 moritur,
825 326 899 352 nec
927 314 1029 352 valet
1058 313 1142 362 ipse
1171 313 1283 350 mori.

370 378 463 416 Non
493 391 567 415 vox
597 378 672 416 vlla
699 379 801 417 valet
830 379 991 417 miseras
1020 378 1175 417 edicere
1204 390 1336 427 penas,

316 443 497 492 Quorum
527 450 722 482 tormenta
750 443 936 493 languida
965 443 1044 481 fine
1072 450 1228 482 carent:

317 509 428 546 Hinc
457 509 574 547 timor
602 516 722 559 atque
750 516 905 556 tremor,
937 508 1048 547 labor
1076 515 1115 547 et
1144 509 1258 546 dolor
1286 508 1380 547 inde
1409 514 1606 558 sequetur,

319 574 512 623 Perpetue
541 586 644 623 pene
674 586 778 612 mors
808 574 898 612 furit
926 573 1079 622 absque
1107 574 1230 612 mori:

318 639 404 687 Iugi
433 645 559 676 morte
588 639 699 685 mori,
730 651 799 676 seu
829 638 907 688 iugi
936 639 1068 676 viuere
1097 646 1234 685 morte,

317 703 384 740 Nil
413 703 541 742 differt
571 703 690 750 dicas,
721 703 854 741 viuere
883 704 968 742 siue
996 703 1107 741 mori.
1590 718 1675 750 1040

317 769 436 806 Heu!
474 776 641 806 mortem
672 776 806 818 repeto
837 769 999 816 tociens,
1031 769 1123 818 quia
1152 768 1206 806 nil
1236 769 1310 807 nisi
1340 769 1476 807 mortis

317 833 500 883 Effigiem
529 834 682 872 miseris
712 834 851 872 inferet
881 835 945 872 ille
974 835 1096 880 locus,

319 899 392 938 Ille
420 899 531 937 locus
560 912 680 949 quem
710 900 794 938 dira
825 901 960 946 fames,
991 913 1111 950 quem
1140 900 1259 949 frigus
1289 906 1328 937 et
1356 900 1484 946 ardor,

317 965 449 1014 Quem
478 965 652 1013 tenebre,
683 978 801 1015 quem
833 979 921 1013 nox,
953 966 1080 1004 noctis
1110 972 1148 1004 et
1177 965 1314 1003 vmbra
1343 966 1447 1015 tegit.

317 1031 473 1069 Vermis
503 1031 557 1069 ibi
586 1038 740 1070 mentes
769 1032 950 1078 corrodit,
983 1038 1020 1070 et
1050 1031 1149 1081 ignis
1178 1030 1230 1069 ab
1259 1038 1346 1069 estu

317 1096 494 1145 Corpora
522 1102 742 1144 consumet,
773 1109 875 1146 pena
904 1096 1081 1135 timenda
1110 1096 1249 1134 nimis:

316 1162 461 1199 Tortor
488 1161 554 1208 ibi,
586 1162 653 1211 qui
682 1173 837 1211 semper
865 1161 985 1200 habet
1012 1168 1196 1211 torquere
1224 1173 1299 1199 nec
1328 1173 1501 1211 vnquam

319 1227 499 1273 Deficiet,
531 1233 678 1265 tortum
708 1227 855 1265 torrida
884 1239 987 1276 pena
1015 1233 1126 1264 teret.

372 1292 575 1341 Quicquid
605 1299 686 1330 erat
714 1292 902 1341 placitum
932 1292 1038 1330 carni
1068 1291 1308 1330 subuertitur
1336 1304 1466 1340 omne,

318 1357 441 1406 Quod
469 1357 542 1395 fuit
570 1364 609 1396 et
637 1358 754 1396 dulce
783 1364 939 1406 torquet
967 1370 1099 1395 amara
1128 1357 1239 1396 lues:
1596 1372 1680 1405 1050

318 1422 441 1471 Quod
471 1423 594 1460 fuerat
623 1423 802 1472 pulcrum
832 1422 938 1461 fedat
967 1422 1191 1471 turpissima
1220 1423 1355 1470 forma,

320 1488 442 1536 Quod
471 1488 594 1525 fuerat
625 1499 776 1534 sanum,
808 1499 911 1536 pena
939 1487 1101 1525 resoluit
1131 1499 1255 1536 opus:

319 1553 442 1601 Quod
471 1552 595 1591 fuerat
624 1553 724 1591 forte
754 1559 849 1591 tunc
879 1552 1026 1590 viribus
1057 1553 1299 1602 expoliatur;

319 1618 392 1656 Est
420 1618 576 1667 sapiens
605 1619 757 1663 stultus,
789 1625 847 1656 est
877 1617 932 1656 ibi
961 1618 1074 1655 diues
1107 1618 1247 1666 inops:

320 1683 443 1731 Quod
472 1683 596 1721 fuerat
624 1683 737 1721 luxus
766 1683 884 1732 prius,
915 1689 974 1720 est
1003 1682 1058 1721 ibi
1088 1682 1231 1721 vermis
1261 1689 1299 1721 et
1329 1682 1441 1732 ignis,

321 1748 394 1795 Fit,
425 1748 515 1797 gula
545 1760 623 1797 que
652 1748 788 1794 fuerat,
820 1748 1008 1785 insaciata
1037 1747 1173 1785 fames.

322 1813 422 1851 Sunt
450 1812 614 1851 tenebre
642 1813 747 1850 visus
777 1824 957 1862 pungens
987 1818 1026 1850 et
1056 1812 1211 1860 scorpio
1240 1818 1381 1858 tactus,

322 1877 489 1916 Gressus
519 1883 558 1915 et
587 1877 627 1914 in
656 1877 820 1926 laqueos
849 1877 986 1914 mortis
1015 1876 1179 1914 habebit
1208 1877 1306 1915 iter:

323 1943 450 1980 Aures
479 1949 711 1991 torquentur
741 1941 904 1990 strepitu
934 1942 1138 1991 fetoreque
1166 1954 1291 1988 nares,

322 2008 374 2045 Et
403 2019 481 2056 que
510 2014 600 2045 sunt
629 2019 731 2056 pene
758 2013 894 2056 gustus
924 2019 1056 2044 amara
1085 2007 1209 2056 sapit:
1597 2013 1680 2045 1060

322 2072 394 2110 Est
423 2072 477 2110 ibi
507 2072 605 2109 flens
635 2072 783 2119 oculus,
815 2072 915 2110 dens
945 2071 1123 2119 stridens,
1156 2084 1355 2121 omneque
1385 2071 1608 2110 membrum

323 2137 494 2175 Soluitur
523 2137 564 2174 in
594 2136 755 2183 luctum,
786 2149 867 2186 quo
896 2136 982 2175 sine
1011 2137 1091 2174 fine
1119 2136 1239 2175 dolet.

323 2201 444 2250 Quod
473 2202 596 2239 fuerat
624 2202 702 2239 vita
730 2213 836 2239 mors
865 2208 933 2248 est,
966 2202 1075 2251 quod
1104 2214 1246 2250 corpus
1276 2207 1437 2251 eratque

322 2268 376 2305 Vt
404 2267 466 2304 fax
495 2264 733 2304 comburens
762 2278 917 2316 semper
945 2266 985 2304 in
1015 2266 1104 2316 igne
1134 2267 1282 2316 coquit.

324 2333 430 2378 Heu,
462 2338 519 2369 set
547 2344 688 2381 ymago
717 2331 781 2370 dei
812 2344 936 2381 nuper
965 2338 1046 2370 tam
1076 2344 1171 2381 pura
1199 2338 1328 2370 creata

325 2397 398 2435 Illa
426 2396 565 2434 dolens
594 2397 726 2434 anima
755 2396 936 2435 demonis
966 2397 1087 2434 instar
1116 2395 1246 2434 habet.

326 2462 420 2499 Non
449 2461 586 2499 Thetis
617 2461 806 2511 extinguit
836 2461 890 2499 ibi
919 2461 1097 2509 fulmina,
1126 2468 1184 2499 set
1213 2472 1344 2510 neque
1373 2473 1526 2499 morsus

323 2526 515 2575 Vipereos
543 2526 688 2564 medici
717 2533 876 2576 compta
905 2526 1060 2564 medela
1089 2526 1221 2565 iuuat:

326 2591 441 2630 Stans
471 2590 525 2628 ibi
554 2591 766 2630 continuus
796 2592 909 2630 dolor
938 2598 996 2629 est
1025 2598 1064 2629 vt
1094 2591 1354 2640 parturientis,

325 2657 523 2704 Tempora
553 2667 626 2693 nec
655 2656 768 2694 venie
798 2663 948 2706 spectat
976 2654 1123 2694 habere
1151 2655 1274 2694 locus.
1597 2670 1681 2705 1070

327 2721 566 2769 Perpetuum
595 2732 697 2769 pene
726 2727 966 2759 tormentum
997 2732 1115 2758 nemo
1143 2720 1326 2770 gehenne

327 2786 466 2824 Mente
494 2784 609 2834 capit,
641 2791 698 2824 set
727 2785 782 2824 ibi
811 2792 887 2824 stat
916 2786 1029 2824 dolor
1056 2785 1208 2835 absque
1236 2785 1343 2835 pari:

813 2861 896 2901 1067
919 2860 1039 2891 Tethis
1055 2860 1085 2890 D
