2121 3173
575 238 730 279 SECU
740 237 777 278 N
787 237 868 277 DA
900 235 1055 276 PARS

241 347 278 385 O
311 348 402 384 Dux
430 345 620 392 inmense,
653 352 694 383 tu
726 343 877 383 Gallica
905 356 1024 393 regna
1053 342 1127 381 sub
1156 355 1250 382 ense

190 411 327 449 Militis
357 424 403 450 ex
432 424 542 449 more
570 409 723 449 bellasti
752 409 851 459 regis
879 410 1041 447 honore.

242 477 279 516 O
309 477 467 523 Comes
498 476 619 526 inque
647 474 744 514 mari
772 488 844 525 pro
872 487 961 524 rege
989 480 1058 512 tuo
1087 472 1259 523 superari

190 542 367 581 Classem
397 540 523 579 fecisti
554 542 805 586 Francorum,
838 552 938 589 quos
967 537 1167 577 domuisti.

188 608 294 654 Heu,
326 620 402 654 rex,
434 605 501 656 qui
531 600 627 644 tales
657 604 844 643 fraudasti
873 605 1126 650 collaterales,
1485 617 1549 647 330

188 671 245 710 Sit
273 671 345 710 tibi
374 673 424 710 de
453 672 531 710 fine
559 670 703 709 vindex
731 671 888 708 fortuna
916 668 1050 708 ruine!

190 736 387 787 Principio
416 749 544 775 rerum
574 735 732 786 placido
761 748 978 786 quamsepe
1007 734 1160 773 dierum

190 801 296 839 Finis
325 803 437 840 adest
466 801 584 839 tristis
600 816 610 849 3
647 800 739 839 ideo
769 801 1017 851 speculemur
1045 799 1086 838 in
1115 798 1222 838 istis:

190 869 340 917 Estque
369 868 468 905 fides
498 880 582 905 rara
610 867 743 912 modo,
775 878 895 915 quam
925 878 1037 904 mens
1066 864 1191 904 nescit
1219 877 1346 903 auara.

190 933 298 970 Dum
328 933 434 970 fauet
463 945 507 970 os
537 930 695 978 fraudis,
726 944 776 969 ne
805 931 941 969 credas
971 943 1091 969 omne
1119 931 1228 980 quod
1257 928 1394 968 audis:

190 996 354 1047 Fingere
384 996 546 1047 fingenti
575 997 682 1035 scola
711 1009 836 1046 nuper
864 1002 945 1034 erat
974 994 1141 1046 sapienti
1156 1010 1167 1043 ;

188 1062 296 1100 Talis
325 1069 365 1100 vt
394 1063 577 1100 hesterna
605 1061 688 1108 fuit,
720 1069 778 1099 est
807 1062 914 1099 scola
942 1073 1049 1099 nunc
1078 1060 1296 1099 hodierna:

190 1128 351 1166 Fallitur
379 1127 582 1174 incertum,
614 1134 672 1166 set
701 1128 862 1178 quando
891 1125 1045 1164 videbis
1072 1133 1252 1176 apertum

191 1192 329 1231 Finem
359 1206 450 1231 cum
480 1193 618 1239 cauda,
650 1200 745 1231 tunc
774 1193 936 1231 demum
967 1199 1146 1242 tempora
1173 1192 1302 1230 lauda.

190 1260 309 1296 Anno
338 1257 398 1296 bis
428 1259 534 1296 deno
562 1257 690 1308 primo
719 1258 770 1296 de
799 1256 988 1307 sanguine
1017 1258 1137 1307 pleno
1488 1271 1550 1303 340

188 1322 430 1373 Septembris
459 1336 596 1362 mense
623 1323 753 1362 feritas
781 1322 1008 1362 dominatur
1036 1322 1076 1360 in
1106 1335 1225 1361 ense:

188 1387 326 1426 Tristis
354 1396 395 1426 vt
423 1387 570 1436 audiui,
600 1401 758 1427 carmen
788 1387 998 1427 scribendo
1027 1386 1181 1426 subiui:

191 1452 379 1504 Plangite,
410 1467 480 1491 vos
509 1452 600 1501 viui,
633 1453 726 1504 quia
754 1455 935 1504 planctus
965 1460 1075 1492 sunt
1104 1451 1313 1491 residiui.

192 1518 376 1557 Doctoris
406 1518 525 1557 verba
553 1526 644 1557 sunt
673 1520 747 1557 hec
777 1531 854 1569 que
883 1517 1002 1557 miror
1030 1517 1173 1556 acerba
1187 1532 1198 1566 3

192 1585 321 1621 ‘Dum
352 1583 492 1622 melius
521 1582 660 1622 fecisse
689 1590 813 1635 putes,
845 1584 939 1622 latet
968 1582 1106 1634 anguis
1135 1582 1175 1621 in
1205 1582 1352 1621 herba.’

191 1647 394 1698 Quicquid
423 1649 546 1687 homo
574 1649 685 1695 fatur,
717 1647 908 1699 quicquid
938 1647 1029 1687 facit
1057 1655 1125 1688 aut
1154 1647 1376 1695 meditatur,

191 1715 274 1752 Stat
302 1715 460 1752 fortuna
487 1713 543 1753 rei
571 1727 726 1765 semper
755 1713 795 1751 in
825 1726 892 1752 ore
921 1712 996 1752 dei.

387 1824 583 1872 Explicit
613 1823 814 1862 secunda
844 1834 955 1870 pars
984 1823 1176 1862 cronice
1207 1825 1254 1862 et

631 1888 793 1936 Incipit
820 1888 996 1929 Tereia.

130 2062 209 2096 Hic
250 2062 292 2095 in
326 2061 459 2097 tercia
494 2062 614 2105 parte
648 2060 822 2095 Cronice
854 2060 1038 2095 finaliter
1076 2059 1222 2095 scribit
1256 2060 1438 2104 qualiter
1478 2071 1552 2095 rex

83 2120 332 2160 antedictus,
370 2121 550 2164 vtroque
590 2119 656 2153 dei
698 2121 739 2154 et
774 2118 985 2153 homin'um
1026 2119 1113 2154 iure
1150 2118 1402 2162 postposito,
1443 2119 1553 2153 Stre-

83 2178 330 2213 nuissimum
382 2177 616 2222 Principem
670 2177 889 2212 Dominum
942 2176 1177 2220 Henricum,
1226 2178 1325 2211 tunc
1378 2177 1552 2212 Derbeie

84 2235 298 2277 Comitem,
340 2237 460 2280 patre
506 2247 581 2271 suo
626 2236 735 2271 Duce
775 2235 1025 2271 Lancastrie
1072 2235 1204 2270 adhuc
1252 2235 1436 2277 viuente,
1482 2246 1553 2279 per

85 2295 329 2330 decennium
380 2295 569 2339 capitose
623 2294 666 2330 in
718 2294 886 2329 exilium
944 2294 1163 2338 delegauit.
1224 2294 1381 2328 Postea
1436 2304 1553 2335 vero,

86 2355 207 2398 patre
246 2353 441 2388 defuneto
481 2354 646 2399 filioque
685 2353 728 2388 in
766 2354 957 2399 partibus
988 2353 1166 2388 Francie
1199 2354 1298 2388 tunc
1332 2353 1553 2393 existente,

84 2413 192 2446 idem
236 2422 310 2447 rex
351 2413 488 2447 omnis
529 2412 694 2447 malicie
740 2413 900 2456 plenus,
942 2412 1064 2456 quasi
1111 2422 1183 2456 per
1229 2411 1421 2446 infinitas
1467 2412 1551 2447 doli

86 2469 483 2512 circumvenciones,
526 2472 612 2506 tam
660 2470 704 2504 in
746 2470 880 2513 ipsius
922 2469 1113 2504 absentis
1161 2479 1385 2513 personam
1429 2479 1551 2512 quam

86 2528 128 2561 in
157 2528 246 2562 eius
275 2527 562 2569 hereditatem,
592 2528 839 2563 occasiones
871 2527 1087 2562 maliciose
1116 2526 1330 2561 fulminari
1356 2526 1549 2561 decreuit.

87 2586 160 2620 Set
186 2585 255 2628 qui
277 2594 421 2620 verum
445 2596 471 2619 a
493 2585 603 2620 falso
626 2585 825 2621 discernit
851 2595 1036 2620 summus
1059 2584 1192 2625 iudex,
1216 2585 1364 2618 tantas
1386 2583 1550 2619 malicie

86 2642 456 2678 abhominaciones
474 2643 638 2688 impune
655 2653 739 2678 non
756 2643 906 2684 ferens,
926 2642 1078 2677 dictum
1093 2642 1303 2677 dominum
1313 2641 1550 2683 Henricum,

85 2704 184 2736 tunc
218 2703 315 2745 post
343 2701 498 2737 obitum
531 2701 668 2746 patris
700 2701 765 2736 sui
797 2702 948 2737 Ducem
979 2700 1239 2741 Lancastrie,
1273 2700 1317 2735 in
1351 2699 1550 2744 Angliam

86 2769 165 2792 sua
193 2758 335 2793 diuina
366 2758 647 2803 prouideneia,
673 2758 806 2795 inuito
835 2768 945 2802 rege,
974 2768 1162 2793 remeare
1190 2757 1312 2794 fecit:
1351 2758 1405 2793 ob
1433 2757 1550 2793 cuius

85 2848 149 2879 333
163 2838 230 2870 idio
241 2838 267 2870 C
318 2847 381 2879 334
395 2838 528 2879 margin
540 2837 695 2869 omittant
707 2837 787 2870 (ΣΙ-13
818 2838 1011 2869 ommittant
1024 2837 1119 2870 SHG
1190 2848 1249 2879 341
1268 2837 1514 2880 Semptembris
1525 2837 1550 2870 S

622 2889 781 2933 Heading
795 2899 815 2932 3
834 2889 958 2922 Derbei
976 2888 1009 2922 H

1567 248 1647 287 329

1612 352 1680 383 Hic
1693 352 1781 383 circa
1791 352 1893 382 finem
1905 363 1979 391 pro·

1568 396 1692 426 bitates
1714 396 1810 426 ducis
1835 396 1980 426 Glouer-

1568 439 1625 470 nie
1669 450 1803 470 necnon
1838 439 1981 470 Comitis

1567 483 1768 513 Arundellie
1802 484 1910 522 magis
1948 483 1980 513 in

1568 527 1708 566 speciali
1779 537 1981 557 commemo-

1568 581 1659 607 rans,
1671 581 1789 600 eorum
1802 576 1899 609 gesta
1914 571 1981 601 lau-

1568 613 1726 645 dabiliter
1755 615 1983 645 commendat.

1568 657 1981 702 Consulitinsuper‚quod

1568 712 1631 741 per
1657 712 1698 732 ea
1724 712 1790 740 que
1820 702 1981 741 preterita

1568 750 1645 776 sunt
1657 750 1838 785 presentes
1854 745 1980 775 vtinam

1568 789 1714 820 discreto
1746 793 1887 828 pectore
1919 789 1980 819 sibi

1566 838 1685 863 contra
1720 833 1834 864 futura
1870 833 1984 872 proui-

1567 877 1648 907 dere
1672 877 1866 908 nullatenus
1887 877 1983 907 omit·

1566 925 1650 952 tant.

1572 2593 1611 2616 10
