2095 3173
383 199 437 237 94
858 186 989 228 VOX
1031 185 1391 228 CLAMANTIS

493 294 560 332 Set
590 306 680 332 cum
711 294 940 344 transgressi
970 293 1136 340 fuerant,
1168 301 1264 331 tunc
1295 293 1419 331 hostis
1449 293 1600 343 vbique

492 360 642 406 Victos‚
673 360 865 409 captiuos,
897 366 1071 397 sternere
1101 359 1206 408 cepit
1236 370 1317 397 eos.

493 425 552 462 Ex
582 425 730 463 meritis
760 425 822 463 vel
851 424 1052 463 demeritis
1083 425 1138 462 sic
1167 424 1333 474 contigit
1362 436 1493 471 omne,

494 492 688 528 Humano
716 490 851 540 generi
881 490 1073 540 quicquid
1103 490 1244 528 adesse
1274 490 1398 530 solet:

493 556 556 594 Sic
586 556 692 593 vario
722 567 816 593 casu
845 554 1062 593 versabitur
1090 556 1177 593 alea
1205 555 1357 603 mundi,

494 622 602 658 Dum
632 621 732 659 solet
763 621 803 658 in
831 620 950 659 rebus
980 621 1116 659 ludere
1146 633 1301 659 summa
1330 633 1486 659 manus.

428 751 508 786 Hic
531 751 715 796 loquitur
733 751 782 786 de
804 752 882 788 deo
905 763 1065 787 summo
1087 751 1302 795 Creatore,
1321 752 1391 796 qui
1414 754 1481 787 est
1505 752 1646 788 trinus
1670 755 1712 788 et
1735 763 1859 794 vnus,

383 811 425 844 in
444 811 561 845 cuius
585 810 771 845 sciencia
789 811 832 846 et
848 810 1133 855 disposicione
1151 811 1293 846 omnia
1310 811 1457 846 creata
1475 812 1693 855 reguntur.

243 880 372 928 Capm.
394 879 457 918 vii.
544 880 616 918 Est
645 879 745 918 deus
774 880 1029 930 omnipotens
1059 880 1166 918 solus
1196 880 1264 929 qui
1294 886 1438 918 cuncta
1466 879 1676 930 gubernat,

490 945 638 984 Omnia
666 945 837 995 preuidit
865 953 972 984 totus
1001 945 1149 995 vbique
1177 957 1345 984 manens
1359 959 1370 993 3
1795 960 1859 991 350

489 1011 637 1050 Omnia
665 1018 830 1049 ventura
859 1011 934 1049 sibi
964 1018 1056 1049 sunt
1084 1011 1290 1061 presencia
1319 1023 1485 1060 semper,

489 1077 623 1125 Quam
652 1077 758 1126 prius
789 1084 827 1115 et
857 1077 964 1124 fiant,
995 1077 1070 1115 hec
1100 1077 1213 1127 quasi
1242 1077 1345 1115 facta
1374 1077 1493 1115 videt.

488 1144 594 1181 Ante
622 1149 840 1181 creaturam
869 1143 1024 1193 genitor
1053 1142 1164 1189 deus,
1196 1149 1234 1180 et
1263 1143 1444 1192 genitura

489 1208 619 1246 Prima
648 1214 835 1255 creatura,
868 1212 1067 1258 causaque
1096 1208 1222 1257 prima
1251 1220 1431 1246 mouens.

488 1272 622 1312 Omne
651 1273 762 1323 quod
792 1280 850 1312 est
880 1286 966 1312 esse
996 1280 1146 1311 certum
1177 1273 1252 1311 sibi
1281 1280 1439 1322 tempus
1468 1272 1653 1321 habebat,

487 1339 593 1376 Ante
622 1339 785 1388 quidem
815 1345 972 1389 tempus
1003 1346 1060 1377 set
1090 1339 1189 1376 deus
1219 1351 1340 1377 omne
1369 1338 1466 1378 fuit:

487 1403 619 1443 Omne
648 1404 758 1453 quod
789 1412 858 1452 est,
882 1404 991 1454 quod
1020 1411 1112 1451 erat,
1143 1404 1253 1454 quod
1282 1405 1364 1451 erit,
1393 1405 1503 1454 quod
1531 1404 1641 1443 ducit
1673 1404 1725 1443 ad
1754 1417 1849 1451 esse,

487 1469 558 1507 Est
588 1469 698 1517 deus,
730 1476 768 1508 et
798 1482 872 1508 nec
903 1470 939 1508 ei
968 1470 1159 1520 temporis
1189 1482 1276 1508 esse
1305 1469 1445 1509 datur:

487 1534 607 1572 Nulla
637 1547 762 1573 coeua
791 1535 869 1573 deo
898 1541 1084 1585 poterunt
1114 1548 1156 1573 se
1184 1541 1365 1584 tempora
1395 1535 1506 1583 ferre,

487 1600 550 1638 Sic
580 1607 687 1649 patet
717 1607 776 1638 est
805 1600 992 1638 dominus
1023 1601 1105 1638 iure
1135 1600 1263 1650 priore
1293 1601 1411 1639 deus.
1786 1606 1852 1649 360

539 1665 611 1703 Est
640 1672 761 1714 pater,
791 1672 850 1704 est
880 1673 995 1703 natus
1025 1665 1136 1713 deus,
1160 1672 1219 1703 est
1249 1672 1287 1704 et
1316 1666 1473 1715 spiritus
1502 1665 1641 1713 almus,

485 1732 584 1770 Tres
614 1731 667 1769 ita
696 1744 883 1781 personas
914 1731 1078 1769 nomina
1107 1731 1208 1769 trina
1237 1737 1407 1770 sonant:

485 1796 673 1845 Quelibet
703 1797 767 1834 hic
796 1808 966 1846 persona
996 1796 1095 1834 deus
1124 1796 1395 1846 dominusque
1422 1802 1598 1845 vocatur,

484 1862 556 1900 Est
586 1862 684 1901 deus
714 1869 753 1900 et
782 1862 969 1900 dominus
999 1862 1106 1899 solus
1137 1868 1175 1899 et
1204 1874 1304 1900 vnus
1334 1862 1458 1901 idem.

486 1928 577 1966 Hee
606 1934 699 1966 sunt
726 1939 896 1977 persone
924 1934 1013 1974 tres,
1044 1934 1102 1966 set
1132 1925 1360 1965 substancia
1389 1927 1567 1977 simplex,

485 1994 577 2031 Hee
605 2000 683 2031 tres
713 2001 804 2031 sunt
833 2005 967 2039 vnum,
999 2005 1081 2031 non
1111 1993 1193 2039 tria,
1225 1999 1303 2030 tres
1333 1999 1391 2031 set
1420 1992 1552 2032 idem:

485 2058 577 2095 Hiis
606 2057 731 2096 tribus
761 2071 837 2096 vna
865 2065 999 2096 manet
1029 2058 1217 2104 essencia,
1249 2064 1326 2095 tres
1357 2057 1455 2096 deus
1485 2070 1596 2105 vnus,

484 2123 566 2160 Hic
594 2123 716 2160 nichil
744 2130 812 2161 aut
840 2123 967 2161 maius
996 2129 1063 2160 aut
1093 2123 1223 2160 minus
1253 2135 1340 2161 esse
1368 2129 1521 2172 potest:

481 2189 572 2226 Vna
600 2187 724 2226 tribus
753 2200 877 2235 mens,
908 2200 987 2225 vna
1015 2188 1132 2225 trium
1162 2187 1389 2225 substancia
1417 2188 1595 2237 simplex,

481 2253 572 2290 Vna
600 2253 724 2291 tribus
753 2252 922 2299 bonitas,
955 2265 1031 2289 vna
1061 2252 1209 2301 Sophia
1238 2252 1368 2290 trium.
1785 2266 1848 2301 570

536 2318 609 2356 Est
638 2318 750 2368 ignis,
781 2318 887 2356 calor
917 2324 954 2355 et
983 2325 1116 2355 motus
1145 2318 1229 2365 tria,
1262 2318 1399 2367 sicque
1428 2317 1636 2366 videntur3

483 2384 575 2421 Hee
603 2383 675 2421 tria
704 2383 760 2421 sic
789 2395 944 2432 semper
973 2382 1148 2421 feruidus
1175 2383 1275 2432 ignis
1304 2382 1449 2421 habet:

481 2449 545 2487 Sic
573 2454 685 2497 pater
713 2454 753 2486 et
781 2455 897 2486 natus
927 2455 965 2486 et
995 2447 1151 2497 spiritus
1181 2448 1221 2485 in
1251 2447 1400 2486 deitate

480 2515 578 2551 Tres
608 2520 713 2560 sunt,
746 2521 784 2552 et
813 2514 942 2551 solum
971 2525 1062 2550 cum
1093 2513 1258 2562 paritate
1288 2519 1441 2550 notant.

480 2578 586 2617 Cum
615 2578 802 2616 dominus
832 2579 948 2626 dicat,
983 2577 1228 2615 ‘Hominem
1257 2577 1472 2626 faciamus‚’
1501 2578 1541 2616 in
1572 2578 1639 2617 illo

481 2643 634 2681 Clarius
664 2643 837 2681 insinuat
866 2655 944 2693 que
973 2643 1021 2681 sit
1050 2642 1236 2681 habenda
1266 2642 1390 2681 fides:

482 2708 563 2745 Hic
592 2720 764 2757 persona
792 2709 931 2757 triplex
959 2714 1120 2746 auctore
1150 2713 1309 2745 notatur
1337 2707 1378 2745 in
1407 2720 1498 2755 vno,

481 2772 585 2811 Cum
615 2779 775 2812 maneat
804 2773 971 2823 simplex
999 2773 1039 2810 in
1070 2773 1216 2811 deitate
1245 2785 1326 2811 sua.

817 2858 882 2888 377
909 2848 976 2880 Hic
993 2847 1151 2880 SCEHG
1198 2847 1274 2879 Hee
1292 2847 1405 2879 DLH2
