2095 3173
734 212 923 253 LIBER
963 212 1205 254 SEXTUS

1622 228 1700 266 237

280 328 358 364 Hic
394 329 578 374 loquitur
615 331 796 374 qualiter
836 331 909 367 isti
950 331 1148 366 causidici
1185 333 1228 367 et
1268 331 1371 366 iuris
1410 331 1618 373 aduocati,
1658 333 1701 366 in

231 397 310 422 sua
351 388 562 431 gradatim
603 390 884 425 ascendentes
924 391 1140 432 facultate,
1181 389 1415 434 Iudicisque
1457 391 1701 434 aspirantes

232 446 420 487 officium,
444 447 650 483 iudicialis
673 449 768 483 solii
793 448 963 483 tandem
989 459 1187 484 cacumen
1212 449 1448 492 attingunt3
1482 449 1556 483 vbi
1582 449 1702 492 quasi

232 504 275 538 in
309 505 512 540 cathedra
551 507 804 550 pestelencie
842 507 1051 548 sedentes,
1089 508 1262 542 maioris
1300 507 1482 542 auaricie
1522 508 1701 542 cecitate

232 565 434 607 percussi,
459 565 614 609 peioris
639 576 762 609 quam
789 568 919 601 antea
944 566 1203 601 condicionis
1228 567 1426 602 existunt.

91 644 221 693 Capm.
245 644 310 684 iiii.

398 646 469 684 Est
498 647 789 696 Apprenticius,
819 648 1030 697 Sergantus
1060 654 1149 697 post
1177 653 1216 686 et
1247 647 1427 694 Adultus,

341 711 490 749 Iudicis
519 712 693 750 officium
723 713 803 751 fine
832 713 986 751 notabit
1015 725 1118 751 eum.

338 777 378 815 Si
407 777 516 826 cupit
546 778 586 814 in
616 778 755 827 primo,
788 778 914 816 multo
944 779 1067 828 magis
1098 778 1181 827 ipse
1211 777 1399 823 secundo,

337 842 502 880 Tercius
531 849 651 892 atque
679 843 823 893 gradus
853 850 911 881 est
940 855 1057 892 super
1086 853 1207 880 omne
1236 855 1323 880 reus
1338 857 1350 890 3

338 907 390 944 Et
419 907 475 945 sic
504 907 566 945 lex
595 907 779 958 grauibus
808 909 890 946 auri
922 908 1148 946 moderatur
1176 906 1354 954 habenis,

338 973 462 1021 Quod
490 974 613 1012 modo
643 986 712 1023 per
740 974 861 1012 iustas
891 986 972 1012 non
1002 973 1105 1012 valet
1134 973 1188 1011 ire
1217 973 1308 1010 vias.

339 1037 484 1077 Libera
513 1040 640 1089 qualis
669 1047 750 1078 erat
779 1040 841 1078 lex
871 1052 952 1078 non
982 1046 1051 1084 est,
1082 1039 1206 1076 immo
1235 1038 1393 1088 ligatam

339 1103 507 1143 Carcere
536 1118 789 1143 nummorum
819 1117 914 1143 ceca
941 1104 1089 1154 cupido
1118 1110 1248 1141 tenet:

339 1169 471 1207 Aurea
501 1170 541 1207 ni
570 1170 691 1208 clauis
721 1170 944 1208 dissoluerit
973 1169 1073 1208 ostia
1101 1169 1243 1215 clausa,

338 1233 437 1272 Eius
465 1234 517 1272 ad
546 1235 748 1273 introitum
778 1235 907 1273 nullus
936 1232 1100 1272 habebit
1129 1234 1209 1272 iter.

340 1299 407 1336 Nil
436 1312 577 1337 manus
607 1300 647 1337 in
676 1301 803 1350 pulsu,
835 1300 890 1337 nil
919 1312 994 1337 vox
1023 1299 1194 1337 clamore
1224 1298 1417 1336 iuuabunt

336 1364 397 1402 Te
425 1376 516 1401 cum
546 1365 631 1415 lege
659 1365 779 1414 loqui,
810 1365 878 1415 qui
907 1365 992 1402 sine
1020 1365 1132 1401 claue
1161 1363 1296 1401 venis:

339 1429 431 1466 Dux
460 1429 530 1467 tibi
561 1431 593 1468 si
624 1443 811 1468 nummus
841 1443 922 1469 non
953 1430 1013 1477 sit,
1045 1429 1245 1467 conducat
1274 1435 1313 1467 et
1343 1429 1426 1478 ipse

338 1494 537 1533 Custodes
566 1496 674 1545 legis,
706 1508 839 1534 cassus
868 1494 977 1533 abire
1006 1501 1131 1544 poteS.

338 1560 390 1598 Et
420 1560 475 1598 sic
504 1561 727 1599 causidicus
756 1573 927 1608 causam,
959 1560 1077 1598 iudex
1107 1571 1238 1608 neque
1266 1559 1413 1597 iustum

339 1625 538 1664 Iudicium
568 1626 704 1674 cernit,
736 1626 816 1665 dux
845 1625 919 1663 nisi
950 1637 1138 1663 nummus
1168 1625 1250 1662 erit.

391 1691 491 1729 Sunt
520 1692 592 1729 tria
621 1692 819 1742 precipue,
853 1691 997 1741 quibus
1028 1698 1086 1729 est
1115 1689 1294 1728 turbacio
1322 1690 1428 1740 legis,

336 1756 456 1794 Vnde
486 1756 544 1793 sui
574 1757 666 1795 iuris
696 1757 823 1806 perdit
851 1756 998 1806 vbique
1027 1756 1185 1803 locum3

338 1821 501 1868 Munus,
532 1821 725 1869 amicicia,
753 1822 882 1868 timor,
914 1821 989 1859 hec
1018 1821 1090 1858 tria
1119 1820 1202 1857 iure
1231 1826 1400 1869 negante

338 1886 459 1923 Pacta
487 1886 627 1933 ferunt,
659 1886 768 1936 quod
798 1887 854 1924 eis
884 1885 1015 1924 obstat
1044 1885 1084 1922 in
1114 1884 1210 1923 orbe
1239 1885 1371 1922 nichil.

337 1950 446 1989 Dicit
475 1951 582 1989 enim
612 1951 800 1989 Salomon
829 1950 967 1989 oculos
996 1949 1106 1999 quod
1137 1949 1285 1987 Iudicis
1314 1961 1452 1987 aurum

338 2015 471 2062 Cecat‚
503 2022 542 2054 et
571 2022 630 2054 est
658 2016 764 2054 racio
793 2015 1063 2053 contaminata
1092 2014 1229 2062 lucr03

337 2081 492 2119 Scimus
521 2087 559 2119 et
589 2081 666 2119 hoc
695 2093 846 2128 omnes,
878 2081 945 2130 qui
975 2080 1115 2118 iudicis
1145 2085 1250 2118 extat
1279 2080 1441 2126 amicus,

336 2146 506 2185 Perdere
534 2146 681 2185 iudicio
711 2146 766 2183 nil
794 2146 896 2184 valet
929 2146 1012 2195 ipse
1041 2157 1126 2183 suo.

338 2211 535 2250 Nouimus
564 2212 641 2250 hoc
670 2212 806 2259 eciam,
837 2217 971 2261 tangat
1000 2211 1031 2249 si
1061 2222 1179 2248 causa
1207 2216 1423 2259 potentem,

336 2276 508 2316 Cernere
537 2277 733 2315 iusticiam
762 2277 830 2315 dat
859 2277 977 2315 timor
1005 2276 1100 2314 inde
1128 2276 1288 2325 fugam;

337 2342 650 2392 Horrendasque
678 2342 805 2380 minas
834 2342 952 2380 iudex
982 2353 1063 2379 non
1094 2340 1260 2379 sustinet
1289 2340 1402 2390 ipsas,

336 2407 476 2456 Sepius
506 2413 544 2445 et
572 2406 754 2457 precibus
785 2407 954 2445 flectitur
982 2406 1135 2455 absque
1163 2405 1305 2444 minis:

338 2472 467 2510 Litera
495 2472 687 2522 magnatis
717 2472 813 2510 dum
843 2472 973 2521 pulsat
1002 2471 1142 2509 iudicis
1171 2482 1296 2517 aures,

337 2536 458 2574 Tollit
486 2537 543 2575 vis
571 2537 711 2575 calami
741 2536 877 2575 debita
906 2537 990 2574 iura
1018 2535 1142 2585 sequi.

337 2601 405 2638 Set
434 2613 550 2650 super
578 2614 698 2640 omne
726 2602 849 2640 modo
879 2601 954 2639 sibi
983 2612 1041 2647 ve,
1074 2600 1141 2649 qui
1171 2611 1320 2649 pauper
1349 2600 1504 2650 egendo

339 2665 449 2714 Quid
476 2666 573 2715 petit
602 2667 642 2704 in
672 2667 767 2716 lege,
801 2667 897 2705 dum
929 2665 1066 2715 nequit
1096 2665 1178 2714 ipse
1208 2664 1324 2703 dare!

337 2730 502 2768 Publica
531 2737 621 2769 sunt
649 2731 722 2769 ista
750 2731 877 2779 nobis,
909 2730 1018 2780 quod
1046 2730 1132 2779 lege
1161 2729 1352 2768 moderna

339 2795 526 2845 Pauperis
555 2795 595 2832 in
624 2807 741 2834 causa
770 2797 829 2834 ius
859 2802 976 2846 negat
1004 2802 1091 2833 acta
1120 2807 1199 2832 sua.

501 2869 661 2912 Heading
674 2881 694 2910 4
711 2871 919 2911 pestelencie
937 2870 997 2902 SH
1043 2869 1240 2911 pestilencie
1258 2869 1380 2901 CEDL

1637 727 1702 759 250

1635 1369 1699 1401 260

1634 2029 1697 2063 270

1631 2671 1695 2703 280
