2121 3173
469 288 548 338 346
742 286 1001 328 CARMEN
1044 285 1249 326 SUPER
1292 284 1660 326 MULTIPLICI

517 448 627 481 Nota
653 447 958 489 consequenter
985 455 1153 480 carmen
1179 454 1305 489 super
1329 444 1550 488 multiplici
1574 443 1779 479 viciorum
1809 444 1936 487 pesti-

468 505 617 545 lencia,
635 504 745 538 vnde
768 506 954 547 tempore
977 502 1147 537 Ricardi
1173 503 1352 538 Secundi
1377 505 1519 547 partes
1542 504 1689 538 nostre
1712 502 1936 547 specialius

470 564 772 598 inficiebantur.

631 628 668 665 N
673 638 729 664 ΟΝ
758 634 965 664 excusatur
994 626 1061 677 qui
1090 639 1225 664 verum
1255 639 1337 664 non
1366 627 1542 673 fateatur,

579 693 633 729 Vt
662 691 718 730 sic
747 699 917 742 ponatur
946 692 1101 738 modus,
1133 692 1238 730 vnde
1268 692 1366 730 fides
1397 692 1612 730 recolatur:

577 756 657 807 Qui
686 756 810 807 magis
840 764 1000 795 ornatur
1029 770 1158 804 sensu,
1190 770 1261 795 sua
1288 757 1407 795 verba
1435 758 1629 807 loquatur,

578 824 641 861 Ne
670 824 732 861 lex
759 823 968 873 frangatur,
1001 835 1080 872 qua
1109 822 1260 862 Cristus
1290 822 1565 861 sanctificatur.

576 889 671 926 Hoc
700 901 760 926 res
790 895 964 935 testatur,
995 887 1116 926 virtus
1145 887 1199 925 ita
1228 901 1334 925 nunc
1362 887 1536 934 viciatur,

578 954 700 1002 Quod
730 952 793 991 vix
822 954 997 991 firmatur
1025 952 1165 1003 aliquis
1196 952 1292 1003 quin
1322 952 1650 1003 transgrediatur:

577 1018 687 1057 Hinc
717 1018 969 1057 contristatur
998 1031 1088 1056 mea
1116 1031 1241 1065 mens,
1273 1031 1351 1068 que
1380 1031 1474 1068 sepe
1502 1025 1695 1068 grauatur,

578 1085 687 1122 Dum
717 1085 1008 1134 contemplatur
1037 1083 1182 1122 vicium
1213 1085 1322 1134 quod
1352 1083 1605 1122 continuatur
1621 1098 1631 1131 ;

577 1151 644 1189 Set
673 1149 766 1200 quia
795 1158 971 1200 speratur
1000 1151 1110 1200 quod
1139 1163 1229 1188 vera
1258 1151 1356 1188 fides
1386 1157 1580 1200 operatur,

577 1216 699 1265 Quod
728 1216 827 1254 deus
856 1217 1043 1262 hortatur,
1075 1214 1197 1253 michi
1226 1215 1395 1254 scribere
1424 1228 1556 1266 penna
1583 1221 1754 1266 paratur,
1902 1229 1940 1250 10

575 1282 630 1319 Vt
659 1280 903 1320 describatur
932 1294 1000 1319 eur
1030 1281 1203 1319 mundus
1233 1280 1289 1319 sic
1318 1280 1510 1319 variatur:

578 1347 683 1384 Ecce
713 1346 948 1397 malignatur
977 1359 1054 1396 que
1084 1347 1206 1385 modo
1236 1359 1355 1384 causa
1385 1346 1509 1384 datur.

516 1459 769 1493 Putruerunt
802 1460 843 1494 et
875 1461 1071 1503 corrupte
1101 1461 1201 1493 sunt
1230 1458 1453 1494 cicatrices
1485 1469 1511 1493 a
1539 1458 1650 1494 facie
1679 1457 1940 1502 insipiencie‚

469 1520 535 1552 set
549 1517 791 1561 priusquam
803 1527 920 1552 mors
934 1528 986 1553 ex
999 1518 1143 1551 morbo
1156 1517 1279 1552 finem
1291 1520 1464 1561 repente
1478 1517 1714 1557 concludat,
1728 1516 1941 1561 sapiencie

468 1576 715 1610 medicinam
730 1574 907 1610 detectis
921 1576 1061 1619 plagis
1073 1586 1163 1610 cum
1175 1576 1290 1610 omni
1302 1576 1527 1618 diligencia
1538 1575 1754 1619 sapienter
1765 1575 1940 1610 investi-

470 1644 572 1677 gare
586 1634 795 1669 debemus.
847 1633 966 1669 Vnde
981 1645 1073 1678 ego,
1085 1644 1171 1669 non
1185 1634 1369 1670 medicus
1382 1636 1447 1669 set
1460 1634 1662 1669 medicine
1676 1636 1940 1678 procurator,

470 1693 538 1736 qui
572 1692 683 1727 tanti
718 1692 893 1736 periculi
926 1693 1182 1737 grauitatem
1217 1693 1475 1737 deplangens
1508 1694 1656 1728 intime
1695 1693 1940 1733 contristor,

470 1752 646 1794 quedam
671 1751 849 1785 vulnera
875 1751 1026 1786 maiori
1053 1752 1327 1795 corrupcione
1356 1752 1524 1796 putrida
1554 1752 1738 1787 euidenti
1767 1752 1940 1787 distinc-

470 1811 599 1851 cione,
630 1812 679 1845 vt
707 1810 802 1845 inde
832 1810 1017 1845 medicos
1050 1820 1124 1854 pro
1160 1811 1298 1845 salute
1326 1810 1605 1855 interpellam,
1637 1813 1941 1854 consequenter

470 1870 688 1904 declarare
700 1879 899 1914 propono.
942 1870 1069 1904 Anno
1081 1869 1202 1913 regni
1213 1870 1342 1913 Regis
1353 1870 1524 1904 Ricardi
1537 1870 1717 1904 Secundi
1729 1870 1941 1904 vicesimo.

664 1986 823 2021 Contra
846 1986 1039 2021 demonis
1065 1987 1274 2021 astuciam
1300 1987 1343 2020 in
1371 1996 1503 2021 causa
1528 1986 1749 2021 Lollardie.

703 2084 790 2111 UOD
819 2080 928 2123 patet
957 2074 1008 2112 ad
1037 2072 1158 2112 limen
1188 2072 1348 2111 instanti
1378 2081 1556 2123 ternpore
1585 2073 1733 2112 crimen

586 2072 692 2206 Q
731 2138 964 2177 Describam
994 2138 1132 2188 primo,
1165 2152 1245 2188 quo
1274 2139 1422 2189 pallent
1450 2140 1528 2176 alta
1557 2138 1631 2177 sub
1660 2152 1761 2189 ymo.

580 2204 728 2243 Nescio
758 2204 854 2254 quid
883 2204 1020 2254 signat,
1052 2204 1164 2254 plebs
1194 2204 1316 2243 celica
1345 2204 1427 2242 iura
1456 2203 1635 2254 resignat,

582 2270 691 2307 Dum
720 2269 842 2307 laicus
873 2270 1025 2307 clausas
1055 2268 1148 2307 fidei
1177 2270 1259 2307 vult
1289 2271 1441 2307 soluere
1471 2282 1619 2315 causas,

581 2335 672 2383 Que
701 2335 799 2373 deus
829 2333 977 2384 incepit
1005 2342 1044 2372 et
1073 2335 1195 2372 homo
1225 2335 1419 2372 seruanda
1449 2333 1619 2384 recepit:

583 2400 669 2437 Iam
699 2399 822 2450 magis
852 2406 1043 2438 eneruant
1072 2398 1208 2449 populi
1238 2412 1357 2448 quam
1388 2398 1531 2449 scripta
1560 2408 1770 2443 reseruant,

581 2466 700 2503 Vnde
730 2464 852 2515 magis
882 2466 1031 2503 clarum
1060 2464 1229 2503 scribere
1258 2465 1380 2502 tendo
1410 2477 1559 2514 parum.
2107 2437 2111 2491 Ι

638 2529 764 2568 Lollia
794 2529 930 2568 messis
960 2529 1112 2568 habens
1140 2542 1304 2579 granum
1334 2529 1535 2579 perturbat
1564 2537 1601 2568 et
1631 2529 1770 2580 ipsum,
1901 2547 1942 2569 20

583 2594 696 2632 Talia
724 2594 793 2645 qui
821 2593 966 2645 patitur
995 2595 1134 2632 horrea
1164 2607 1255 2644 sepe
1285 2602 1443 2644 grauat:

584 2659 744 2697 Semina
772 2659 936 2710 perfidie
966 2672 1096 2698 sacros
1126 2659 1301 2710 dispersa
1330 2673 1398 2709 per
1426 2672 1538 2709 agros

520 2734 674 2765 CARMEN
698 2744 815 2767 SUPER
837 2745 1051 2773 mum-xpum,
1069 2738 1131 2766 &c.
1183 2735 1248 2766 lee
1272 2735 1371 2766 MSS.
1399 2735 1538 2776 referred
1555 2740 1586 2766 to
1609 2746 1665 2767 are
1687 2736 1843 2768 SCEHL
1866 2737 1941 2767 with

479 2786 618 2824 Fa1'›sax
632 2796 652 2824 3
669 2786 728 2826 (F)
746 2786 818 2817 and
830 2787 953 2826 Bodlqy
969 2798 1034 2827 294
1054 2787 1097 2828 (B
1106 2789 1126 2825 ).

527 2836 604 2867 Tz'tle
633 2837 705 2867 and
730 2838 862 2877 PreJ‘ace
892 2839 924 2870 11.
961 2849 1044 2870 1—12
1077 2850 1141 2870 om.
1176 2839 1235 2870 EL
1343 2840 1610 2880 consequenter]
1642 2840 1696 2871 hic
1728 2839 1883 2880 precipue
1917 2840 1941 2870 F

482 2889 734 2928 ·Putruerunt,’
756 2892 818 2921 &c.
842 2901 908 2922 om.
934 2891 961 2921 E
1096 2901 1156 2930 pro
1181 2891 1291 2922 salute
1314 2890 1548 2932 interpellam]
1567 2902 1627 2931 pro
1643 2892 1753 2923 salute
1770 2892 1940 2923 efficacius

479 2940 691 2980 interpellem
710 2941 735 2972 F
866 2942 986 2984 Anno]
1006 2943 1043 2973 In
1060 2942 1163 2974 Anno
1181 2943 1206 2974 F
1338 2943 1359 2976 l.
1381 2953 1420 2983 13
1445 2944 1487 2975 ad
1503 2954 1569 2975 om.
1589 2943 1612 2975 S
