2095 3173
478 204 555 253 198
949 201 1079 243 vox
1119 201 1483 244 CLAMANTIS

585 310 697 349 Ostia
727 310 850 347 multa
880 309 1054 358 quidem,
1086 308 1190 345 varie
1220 314 1311 345 sunt
1340 307 1449 345 mille
1478 307 1658 355 fenestre,

585 377 699 413 Mille
727 375 1031 423 columpnarum
1061 385 1257 410 marmore
1287 373 1384 410 fulta
1414 372 1572 411 domus.

586 440 752 479 Fabrica
780 440 858 477 lata
889 439 1033 476 domus
1063 438 1145 484 erit,
1177 438 1255 475 alta
1285 437 1511 487 decoraque
1540 438 1672 485 muris,

589 505 754 544 Picturis
783 504 899 542 variis
929 503 1112 553 splendet
1142 510 1180 541 et
1210 515 1330 541 omne
1360 502 1511 551 decus3
1870 519 1955 551 1150

586 571 730 610 Omnis
760 570 866 608 enim
897 569 1007 616 cella,
1040 575 1175 607 manet
1205 569 1244 606 in
1275 581 1354 618 qua
1383 569 1499 606 frater
1528 569 1667 616 inanis,

589 638 796 686 sculpture
825 636 932 674 vario
961 642 1121 684 compta
1151 635 1295 673 decore
1324 635 1447 673 nitet:

588 702 773 740 Postibus
803 701 1032 750 insculpunt
1063 701 1225 750 longum
1256 712 1441 738 mansura
1471 713 1539 749 per
1568 713 1687 738 euum

587 768 716 817 Signa,
750 766 896 816 quibus
927 766 1063 816 populi
1093 765 1215 803 corda
1245 766 1364 815 ligare
1393 772 1544 814 putant.

587 834 800 882 Fingentes
831 831 1006 870 Cristum
1036 831 1234 868 mundum
1264 838 1445 880 querunt,
1478 838 1517 868 et
1547 831 1586 868 in
1616 831 1700 869 eius

588 898 829 947 Conspirant
858 897 1018 934 laudem
1048 896 1232 945 clamque
1263 902 1455 944 sequntur
1483 908 1602 935 eum:

587 964 696 1001 Talis
726 962 800 1000 sub
830 962 930 999 facie
960 961 1131 1000 deuocio
1162 968 1298 999 sancta
1328 961 1451 1009 figure

591 1028 777 1078 Fingitur‚
811 1033 849 1065 et
879 1027 989 1064 testis
1019 1026 1059 1063 fit
1090 1026 1214 1076 magis
1245 1026 1340 1064 inde
1369 1026 1539 1064 domus:

590 1094 670 1142 Qui
700 1100 834 1131 tamen
865 1104 985 1130 omne
1014 1092 1132 1139 videt,
1164 1092 1327 1129 rimatur
1355 1098 1394 1129 et
1424 1091 1565 1129 intima
1594 1091 1737 1138 cordis,

589 1160 669 1197 Scit
699 1158 791 1208 quia
819 1170 892 1207 pro
922 1158 1075 1196 mundo
1105 1157 1182 1195 tale
1211 1165 1370 1206 paratur
1399 1169 1511 1206 opus.
1876 1162 1958 1194 1160

591 1226 657 1263 Set
687 1224 805 1262 docet
834 1224 1023 1273 exemplis
1053 1223 1215 1261 historia
1246 1222 1486 1269 Parisiensis‚

592 1290 713 1338 Quod
743 1296 954 1327 contentus
985 1289 1107 1326 homo
1137 1289 1186 1326 sit
1215 1287 1397 1326 breuiore
1427 1288 1562 1326 domo.

645 1356 738 1392 Non
769 1354 843 1391 sibi
874 1354 924 1392 de
953 1354 1119 1403 propriis
1150 1352 1270 1391 babet
1300 1353 1376 1390 vlla
1404 1353 1591 1402 potencia
1620 1353 1719 1402 regis

592 1421 756 1458 Illorum
787 1420 969 1457 thalamis
999 1426 1104 1457 tecta
1134 1419 1256 1468 polita
1286 1419 1435 1468 magis:

593 1487 685 1523 Non
716 1485 769 1522 ita
800 1485 842 1522 fit
871 1485 988 1522 vestis
1019 1485 1179 1521 fratrum
1210 1491 1304 1522 nota
1333 1484 1606 1533 simplicitatis,

590 1550 700 1599 Quin
731 1550 853 1599 magis
882 1550 923 1586 in
952 1549 1139 1587 domibus
1168 1562 1315 1599 pompa
1345 1549 1500 1587 notabit
1529 1561 1611 1587 eos.

592 1617 641 1653 In
670 1615 817 1653 fabrice
847 1615 980 1653 studio
1008 1615 1141 1664 vigilat
1170 1621 1393 1652 conuentus
1424 1627 1561 1652 eorum

592 1681 786 1728 Ecclesie‚
815 1681 987 1730 prompti
1016 1693 1191 1729 corpore,
1224 1686 1359 1718 mente
1388 1680 1508 1729 pigri:

592 1747 656 1784 Sic
687 1752 793 1795 patet
823 1746 991 1783 exterius
1021 1745 1181 1783 fratrum
1213 1746 1383 1783 deuocio
1413 1753 1559 1791 sancta,

592 1813 707 1849 Vana
736 1818 795 1849 set
823 1811 986 1849 interius
1016 1811 1146 1849 cordis
1175 1823 1317 1860 ymago
1346 1812 1464 1849 latet:
1880 1824 1959 1857 1170

594 1878 692 1914 Sunt
722 1877 869 1915 similes
897 1877 991 1914 vlno
1020 1877 1130 1924 tales,
1161 1877 1229 1926 qui
1259 1883 1351 1914 sunt
1381 1877 1466 1914 sine
1496 1877 1634 1923 fructu,

595 1943 643 1979 In
674 1941 820 1991 quibus
851 1942 1032 1991 impietas
1062 1942 1242 1991 plurima,
1273 1954 1399 1991 pauca
1430 1942 1539 1979 fides.

597 2008 682 2054 Dic,
715 2007 787 2045 tibi
817 2008 924 2056 quid,
957 2007 1084 2055 frater,
1116 2008 1281 2055 confert,
1312 2014 1441 2045 tantas
1472 2007 1581 2056 quod
1612 2007 1798 2045 honestas

595 2074 699 2111 Cum
729 2073 819 2110 feda
849 2080 982 2110 mente
1011 2073 1207 2110 construis
1237 2073 1321 2122 ipse
1351 2073 1527 2111 domos?

595 2138 693 2174 Esto
723 2137 866 2175 domus
896 2137 1061 2184 domini,
1094 2150 1214 2187 quam
1245 2138 1364 2175 sacris
1395 2137 1572 2175 moribus
1602 2149 1709 2183 orna,

594 2203 792 2239 Virtutem
822 2202 949 2239 cultor
977 2202 1177 2251 religionis
1206 2215 1307 2240 ama.

596 2267 744 2305 Omnia
774 2267 853 2304 fine
882 2274 1029 2316 patent,
1062 2266 1134 2304 tibi
1165 2267 1312 2316 fingere
1343 2267 1397 2304 nil
1426 2267 1529 2304 valet
1559 2274 1676 2313 extra,

598 2334 670 2370 Per
698 2332 809 2381 quod
838 2331 889 2369 ab
919 2332 1081 2369 interius
1111 2332 1261 2381 premia
1291 2332 1398 2369 nulla
1429 2332 1553 2370 feres:

596 2398 636 2435 Si
667 2397 738 2435 tibi
768 2398 851 2435 laus
882 2398 1021 2435 mundi
1051 2404 1209 2435 maneat
1238 2398 1382 2434 furtiua
1412 2396 1565 2443 diebus,

598 2464 702 2501 Cum
732 2463 862 2501 celum
892 2463 1034 2512 perdis,
1066 2463 1150 2500 laus
1180 2463 1251 2500 erit
1281 2463 1344 2499 illa
1375 2463 1512 2512 pudor.
1878 2469 1962 2500 1180

597 2529 759 2567 Ordinis
790 2541 842 2575 es,
875 2541 1013 2566 norma
1042 2528 1111 2566 tibi
1142 2528 1201 2574 sit,
1234 2541 1308 2566 nec
1336 2527 1387 2566 ab
1417 2528 1557 2566 ordine
1586 2528 1714 2575 cedas,

599 2595 669 2631 Est
698 2594 809 2631 aliter
838 2607 992 2632 cassum
1024 2593 1215 2643 quicquid
1244 2594 1295 2631 ab
1326 2594 1419 2632 inde
1448 2594 1559 2643 geris.

538 2749 615 2783 Hic
666 2750 851 2793 loquitur
908 2751 1100 2794 qualiter,
1144 2760 1230 2784 non
1284 2751 1419 2785 solum
1472 2751 1516 2784 in
1574 2750 1719 2785 ordine
1785 2749 1963 2783 fratrum

489 2808 818 2843 mendicancium
858 2811 925 2844 set
967 2810 1099 2844 eciam
1137 2809 1182 2843 in
1221 2809 1401 2852 singulis
1432 2810 1530 2844 cleri
1560 2809 1770 2852 gradibus,
1801 2818 1852 2842 ea
1885 2817 1963 2850 que

490 2867 663 2901 virtutis
680 2877 775 2902 esse
792 2868 990 2902 solebant
1013 2878 1039 2902 a
1062 2867 1186 2902 viciis
1212 2868 1334 2911 quasi
1358 2867 1615 2911 generaliter
1639 2866 1963 2901 subuertuntur:
