<?xml version="1.0" encoding="UTF-8"?>
<!DOCTYPE html PUBLIC "-//W3C//DTD XHTML 1.0 Transitional//EN"
    "http://www.w3.org/TR/xhtml1/DTD/xhtml1-transitional.dtd">
<html xmlns="http://www.w3.org/1999/xhtml" xml:lang="en" lang="en">
 <head>
  <title>
</title>
<meta http-equiv="Content-Type" content="text/html;charset=utf-8" />
  <meta name='ocr-system' content='tesseract 3.04.00' />
  <meta name='ocr-capabilities' content='ocr_page ocr_carea ocr_par ocr_line ocrx_word'/>
</head>
<body>
  <div class='ocr_page' id='page_1' title='image "./completeworksofj04gowe_0397.png"; bbox 0 0 2095 3173; ppageno 0'>
   <div class='ocr_carea' id='block_1_1' title="bbox 680 212 1681 265">
    <p class='ocr_par' dir='ltr' id='par_1_1' title="bbox 680 212 1681 265">
     <span class='ocr_line' id='line_1_1' title="bbox 680 212 1681 265; baseline -0.002 -11"><span class='ocrx_word' id='word_1_1' title='bbox 680 213 867 254; x_wconf 87' lang='lat' dir='ltr'><strong>LIBER</strong></span> <span class='ocrx_word' id='word_1_2' title='bbox 906 212 1218 255; x_wconf 87' lang='lat' dir='ltr'>SEPTIMUS</span> <span class='ocrx_word' id='word_1_3' title='bbox 1599 215 1681 265; x_wconf 86' lang='lat'>289</span> 
     </span>
    </p>
   </div>
   <div class='ocr_carea' id='block_1_2' title="bbox 223 318 1693 1799">
    <p class='ocr_par' dir='ltr' id='par_1_2' title="bbox 223 318 1693 1799">
     <span class='ocr_line' id='line_1_2' title="bbox 223 318 1181 370; baseline -0.004 -9"><span class='ocrx_word' id='word_1_4' title='bbox 223 322 410 369; x_wconf 85' lang='lat' dir='ltr'>Flatibus,</span> <span class='ocrx_word' id='word_1_5' title='bbox 441 322 545 360; x_wconf 89' lang='lat' dir='ltr'>vnda</span> <span class='ocrx_word' id='word_1_6' title='bbox 574 320 683 367; x_wconf 88' lang='lat' dir='ltr'><strong>cibis,</strong></span> <span class='ocrx_word' id='word_1_7' title='bbox 715 327 892 370; x_wconf 86' lang='lat' dir='ltr'>terraque</span> <span class='ocrx_word' id='word_1_8' title='bbox 922 319 1026 358; x_wconf 91' lang='lat' dir='ltr'>mille</span> <span class='ocrx_word' id='word_1_9' title='bbox 1054 318 1181 357; x_wconf 88' lang='lat' dir='ltr'>bonis.</span> 
     </span>
     <span class='ocr_line' id='line_1_3' title="bbox 223 382 1650 437; baseline -0.003 -11"><span class='ocrx_word' id='word_1_10' title='bbox 223 388 290 426; x_wconf 90' lang='lat' dir='ltr'>Set</span> <span class='ocrx_word' id='word_1_11' title='bbox 319 387 427 437; x_wconf 85' lang='lat' dir='ltr'>quod</span> <span class='ocrx_word' id='word_1_12' title='bbox 457 399 498 425; x_wconf 88' lang='lat' dir='ltr'>es</span> <span class='ocrx_word' id='word_1_13' title='bbox 527 387 631 425; x_wconf 91' lang='lat' dir='ltr'>vnde</span> <span class='ocrx_word' id='word_1_14' title='bbox 659 386 762 424; x_wconf 82' lang='lat' dir='ltr'>tibi?</span> <span class='ocrx_word' id='word_1_15' title='bbox 802 385 911 435; x_wconf 90' lang='lat' dir='ltr'>quod</span> <span class='ocrx_word' id='word_1_16' title='bbox 939 384 1061 423; x_wconf 89' lang='lat' dir='ltr'>habes</span> <span class='ocrx_word' id='word_1_17' title='bbox 1090 383 1177 433; x_wconf 86' lang='lat' dir='ltr'>quis</span> <span class='ocrx_word' id='word_1_18' title='bbox 1207 382 1372 433; x_wconf 82' lang='lat' dir='ltr'><strong>prebet?</strong></span> <span class='ocrx_word' id='word_1_19' title='bbox 1429 383 1650 433; x_wconf 84' lang='lat' dir='ltr'>Vtrumque</span> 
     </span>
     <span class='ocr_line' id='line_1_4' title="bbox 223 448 1143 502; baseline -0.005 -11"><span class='ocrx_word' id='word_1_20' title='bbox 223 454 374 502; x_wconf 84' lang='lat' dir='ltr'>Sponte</span> <span class='ocrx_word' id='word_1_21' title='bbox 403 451 494 490; x_wconf 90' lang='lat' dir='ltr'>facit</span> <span class='ocrx_word' id='word_1_22' title='bbox 523 450 646 501; x_wconf 85' lang='lat' dir='ltr'>pietas</span> <span class='ocrx_word' id='word_1_23' title='bbox 675 450 801 490; x_wconf 89' lang='lat' dir='ltr'>dulcis</span> <span class='ocrx_word' id='word_1_24' title='bbox 829 457 869 489; x_wconf 90' lang='lat' dir='ltr'>et</span> <span class='ocrx_word' id='word_1_25' title='bbox 897 450 1027 499; x_wconf 88' lang='lat' dir='ltr'>ampla</span> <span class='ocrx_word' id='word_1_26' title='bbox 1057 448 1143 487; x_wconf 88' lang='lat' dir='ltr'>dei:</span> 
     </span>
     <span class='ocr_line' id='line_1_5' title="bbox 224 513 1171 566; baseline -0.005 -10"><span class='ocrx_word' id='word_1_27' title='bbox 224 518 305 566; x_wconf 89' lang='lat' dir='ltr'>Qui</span> <span class='ocrx_word' id='word_1_28' title='bbox 334 517 405 556; x_wconf 91' lang='lat' dir='ltr'>tibi</span> <span class='ocrx_word' id='word_1_29' title='bbox 434 525 473 556; x_wconf 89' lang='lat' dir='ltr'>te</span> <span class='ocrx_word' id='word_1_30' title='bbox 501 516 678 555; x_wconf 87' lang='lat' dir='ltr'>tribuens</span> <span class='ocrx_word' id='word_1_31' title='bbox 708 528 793 554; x_wconf 88' lang='lat' dir='ltr'>sese</span> <span class='ocrx_word' id='word_1_32' title='bbox 822 513 1011 564; x_wconf 88' lang='lat' dir='ltr'>promisit,</span> <span class='ocrx_word' id='word_1_33' title='bbox 1043 526 1171 564; x_wconf 86' lang='lat' dir='ltr'>eoque</span> 
     </span>
     <span class='ocr_line' id='line_1_6' title="bbox 226 579 1179 630; baseline -0.004 -9"><span class='ocrx_word' id='word_1_34' title='bbox 226 583 319 621; x_wconf 91' lang='lat' dir='ltr'>Non</span> <span class='ocrx_word' id='word_1_35' title='bbox 349 581 486 620; x_wconf 85' lang='lat' dir='ltr'>habuit</span> <span class='ocrx_word' id='word_1_36' title='bbox 514 582 653 620; x_wconf 90' lang='lat' dir='ltr'>melius</span> <span class='ocrx_word' id='word_1_37' title='bbox 682 581 790 630; x_wconf 88' lang='lat' dir='ltr'>quod</span> <span class='ocrx_word' id='word_1_38' title='bbox 819 580 930 618; x_wconf 88' lang='lat' dir='ltr'>daret</span> <span class='ocrx_word' id='word_1_39' title='bbox 958 579 1042 628; x_wconf 87' lang='lat' dir='ltr'>ipse</span> <span class='ocrx_word' id='word_1_40' title='bbox 1070 579 1179 618; x_wconf 91' lang='lat' dir='ltr'>deus.</span> 
     </span>
     <span class='ocr_line' id='line_1_7' title="bbox 281 644 1395 696; baseline -0.004 -11"><span class='ocrx_word' id='word_1_41' title='bbox 281 648 428 685; x_wconf 81' lang='lat' dir='ltr'>Nonne</span> <span class='ocrx_word' id='word_1_42' title='bbox 456 644 656 696; x_wconf 84' lang='lat' dir='ltr'>superbire</span> <span class='ocrx_word' id='word_1_43' title='bbox 685 657 978 695; x_wconf 87' lang='lat' dir='ltr'>quemcumque</span> <span class='ocrx_word' id='word_1_44' title='bbox 1006 645 1130 681; x_wconf 85' lang='lat' dir='ltr'>virum</span> <span class='ocrx_word' id='word_1_45' title='bbox 1160 644 1275 682; x_wconf 90' lang='lat' dir='ltr'>decet</span> <span class='ocrx_word' id='word_1_46' title='bbox 1304 656 1395 694; x_wconf 88' lang='lat' dir='ltr'>ergo</span> 
     </span>
     <span class='ocr_line' id='line_1_8' title="bbox 226 709 1686 760; baseline -0.003 -9"><span class='ocrx_word' id='word_1_47' title='bbox 226 712 375 751; x_wconf 88' lang='lat' dir='ltr'>Contra</span> <span class='ocrx_word' id='word_1_48' title='bbox 402 712 589 749; x_wconf 88' lang='lat' dir='ltr'>mandata</span> <span class='ocrx_word' id='word_1_49' title='bbox 619 723 696 760; x_wconf 88' lang='lat' dir='ltr'>que</span> <span class='ocrx_word' id='word_1_50' title='bbox 725 709 836 748; x_wconf 88' lang='lat' dir='ltr'>dedit</span> <span class='ocrx_word' id='word_1_51' title='bbox 864 709 947 759; x_wconf 88' lang='lat' dir='ltr'>ipse</span> <span class='ocrx_word' id='word_1_52' title='bbox 976 709 1104 748; x_wconf 79' lang='lat' dir='ltr'>deus?</span> <span class='ocrx_word' id='word_1_53' title='bbox 1620 713 1686 746; x_wconf 87' lang='lat'>620</span> 
     </span>
     <span class='ocr_line' id='line_1_9' title="bbox 226 772 1186 823; baseline -0.004 -8"><span class='ocrx_word' id='word_1_54' title='bbox 226 777 368 816; x_wconf 88' lang='lat' dir='ltr'>Celum</span> <span class='ocrx_word' id='word_1_55' title='bbox 397 776 539 815; x_wconf 86' lang='lat' dir='ltr'>deiecit</span> <span class='ocrx_word' id='word_1_56' title='bbox 568 782 626 814; x_wconf 87' lang='lat' dir='ltr'>set</span> <span class='ocrx_word' id='word_1_57' title='bbox 655 782 693 813; x_wconf 91' lang='lat' dir='ltr'>et</span> <span class='ocrx_word' id='word_1_58' title='bbox 722 775 806 813; x_wconf 92' lang='lat' dir='ltr'>odit</span> <span class='ocrx_word' id='word_1_59' title='bbox 835 781 935 812; x_wconf 88' lang='lat' dir='ltr'>terra</span> <span class='ocrx_word' id='word_1_60' title='bbox 962 772 1186 823; x_wconf 87' lang='lat' dir='ltr'>superbum,</span> 
     </span>
     <span class='ocr_line' id='line_1_10' title="bbox 226 839 1006 888; baseline -0.005 -8"><span class='ocrx_word' id='word_1_61' title='bbox 226 842 341 880; x_wconf 89' lang='lat' dir='ltr'>Solus</span> <span class='ocrx_word' id='word_1_62' title='bbox 369 848 407 880; x_wconf 89' lang='lat' dir='ltr'>et</span> <span class='ocrx_word' id='word_1_63' title='bbox 436 841 575 879; x_wconf 90' lang='lat' dir='ltr'>inferni</span> <span class='ocrx_word' id='word_1_64' title='bbox 606 841 648 878; x_wconf 89' lang='lat' dir='ltr'>fit</span> <span class='ocrx_word' id='word_1_65' title='bbox 677 841 787 878; x_wconf 92' lang='lat' dir='ltr'>locus</span> <span class='ocrx_word' id='word_1_66' title='bbox 815 846 929 888; x_wconf 88' lang='lat' dir='ltr'>aptus</span> <span class='ocrx_word' id='word_1_67' title='bbox 959 839 1006 877; x_wconf 90' lang='lat' dir='ltr'>ei.</span> 
     </span>
     <span class='ocr_line' id='line_1_11' title="bbox 228 904 1201 949; baseline -0.005 -4"><span class='ocrx_word' id='word_1_68' title='bbox 228 908 323 945; x_wconf 92' lang='lat' dir='ltr'>Hoc</span> <span class='ocrx_word' id='word_1_69' title='bbox 354 907 499 945; x_wconf 88' lang='lat' dir='ltr'>etenim</span> <span class='ocrx_word' id='word_1_70' title='bbox 528 906 630 944; x_wconf 90' lang='lat' dir='ltr'>vicio</span> <span class='ocrx_word' id='word_1_71' title='bbox 658 912 806 943; x_wconf 80' lang='lat' dir='ltr'>tactum</span> <span class='ocrx_word' id='word_1_72' title='bbox 835 905 907 942; x_wconf 86' lang='lat' dir='ltr'>suit</span> <span class='ocrx_word' id='word_1_73' title='bbox 936 910 975 942; x_wconf 91' lang='lat' dir='ltr'>et</span> <span class='ocrx_word' id='word_1_74' title='bbox 1004 904 1201 949; x_wconf 90' lang='lat' dir='ltr'>viciatum,</span> 
     </span>
     <span class='ocr_line' id='line_1_12' title="bbox 229 968 1236 1021; baseline -0.004 -12"><span class='ocrx_word' id='word_1_75' title='bbox 229 971 351 1020; x_wconf 85' lang='lat' dir='ltr'>Quod</span> <span class='ocrx_word' id='word_1_76' title='bbox 379 971 532 1021; x_wconf 87' lang='lat' dir='ltr'>genitor</span> <span class='ocrx_word' id='word_1_77' title='bbox 560 971 707 1019; x_wconf 89' lang='lat' dir='ltr'>primus</span> <span class='ocrx_word' id='word_1_78' title='bbox 737 968 907 1019; x_wconf 88' lang='lat' dir='ltr'>protulit,</span> <span class='ocrx_word' id='word_1_79' title='bbox 938 981 1058 1007; x_wconf 90' lang='lat' dir='ltr'>omne</span> <span class='ocrx_word' id='word_1_80' title='bbox 1085 980 1236 1017; x_wconf 88' lang='lat' dir='ltr'>genus:</span> 
     </span>
     <span class='ocr_line' id='line_1_13' title="bbox 230 1035 1077 1084; baseline -0.004 -10"><span class='ocrx_word' id='word_1_81' title='bbox 230 1037 279 1075; x_wconf 92' lang='lat' dir='ltr'>In</span> <span class='ocrx_word' id='word_1_82' title='bbox 307 1035 438 1074; x_wconf 84' lang='lat' dir='ltr'>radice</span> <span class='ocrx_word' id='word_1_83' title='bbox 467 1036 538 1073; x_wconf 91' lang='lat' dir='ltr'>fuit</span> <span class='ocrx_word' id='word_1_84' title='bbox 567 1036 695 1073; x_wconf 87' lang='lat' dir='ltr'>omnis</span> <span class='ocrx_word' id='word_1_85' title='bbox 724 1035 865 1072; x_wconf 88' lang='lat' dir='ltr'>viciata</span> <span class='ocrx_word' id='word_1_86' title='bbox 892 1046 1077 1084; x_wconf 88' lang='lat' dir='ltr'>propago,</span> 
     </span>
     <span class='ocr_line' id='line_1_14' title="bbox 230 1097 1338 1150; baseline -0.003 -12"><span class='ocrx_word' id='word_1_87' title='bbox 230 1101 323 1149; x_wconf 86' lang='lat' dir='ltr'>Quo</span> <span class='ocrx_word' id='word_1_88' title='bbox 353 1101 546 1138; x_wconf 89' lang='lat' dir='ltr'>mundum</span> <span class='ocrx_word' id='word_1_89' title='bbox 576 1101 787 1150; x_wconf 85' lang='lat' dir='ltr'>quicquam</span> <span class='ocrx_word' id='word_1_90' title='bbox 817 1099 988 1137; x_wconf 90' lang='lat' dir='ltr'>mundus</span> <span class='ocrx_word' id='word_1_91' title='bbox 1018 1097 1163 1136; x_wconf 90' lang='lat' dir='ltr'>habere</span> <span class='ocrx_word' id='word_1_92' title='bbox 1192 1098 1338 1147; x_wconf 88' lang='lat' dir='ltr'>nequit.</span> 
     </span>
     <span class='ocr_line' id='line_1_15' title="bbox 231 1162 1310 1214; baseline -0.004 -11"><span class='ocrx_word' id='word_1_93' title='bbox 231 1167 325 1204; x_wconf 91' lang='lat' dir='ltr'>Non</span> <span class='ocrx_word' id='word_1_94' title='bbox 355 1166 426 1203; x_wconf 89' lang='lat' dir='ltr'>fuit</span> <span class='ocrx_word' id='word_1_95' title='bbox 456 1166 494 1202; x_wconf 93' lang='lat' dir='ltr'>in</span> <span class='ocrx_word' id='word_1_96' title='bbox 524 1165 676 1203; x_wconf 89' lang='lat' dir='ltr'>mundo</span> <span class='ocrx_word' id='word_1_97' title='bbox 705 1165 772 1214; x_wconf 89' lang='lat' dir='ltr'>qui</span> <span class='ocrx_word' id='word_1_98' title='bbox 801 1164 996 1202; x_wconf 88' lang='lat' dir='ltr'>mundum</span> <span class='ocrx_word' id='word_1_99' title='bbox 1025 1162 1310 1209; x_wconf 90' lang='lat' dir='ltr'>mundificaret,</span> 
     </span>
     <span class='ocr_line' id='line_1_16' title="bbox 232 1228 1293 1279; baseline -0.004 -10"><span class='ocrx_word' id='word_1_100' title='bbox 232 1231 319 1269; x_wconf 87' lang='lat' dir='ltr'>Nec</span> <span class='ocrx_word' id='word_1_101' title='bbox 347 1230 456 1279; x_wconf 89' lang='lat' dir='ltr'>quod</span> <span class='ocrx_word' id='word_1_102' title='bbox 486 1231 525 1267; x_wconf 91' lang='lat' dir='ltr'>in</span> <span class='ocrx_word' id='word_1_103' title='bbox 555 1230 631 1267; x_wconf 88' lang='lat' dir='ltr'>hoc</span> <span class='ocrx_word' id='word_1_104' title='bbox 660 1230 774 1268; x_wconf 89' lang='lat' dir='ltr'>venie</span> <span class='ocrx_word' id='word_1_105' title='bbox 803 1235 935 1278; x_wconf 83' lang='lat' dir='ltr'>posset</span> <span class='ocrx_word' id='word_1_106' title='bbox 964 1228 1109 1266; x_wconf 91' lang='lat' dir='ltr'>habere</span> <span class='ocrx_word' id='word_1_107' title='bbox 1137 1229 1293 1266; x_wconf 90' lang='lat' dir='ltr'>locum:</span> 
     </span>
     <span class='ocr_line' id='line_1_17' title="bbox 232 1293 1220 1344; baseline -0.003 -11"><span class='ocrx_word' id='word_1_108' title='bbox 232 1295 299 1333; x_wconf 90' lang='lat' dir='ltr'>Set</span> <span class='ocrx_word' id='word_1_109' title='bbox 327 1295 472 1344; x_wconf 90' lang='lat' dir='ltr'>pietate</span> <span class='ocrx_word' id='word_1_110' title='bbox 500 1295 605 1343; x_wconf 89' lang='lat' dir='ltr'>prius</span> <span class='ocrx_word' id='word_1_111' title='bbox 635 1294 702 1343; x_wconf 87' lang='lat' dir='ltr'>qui</span> <span class='ocrx_word' id='word_1_112' title='bbox 732 1294 911 1332; x_wconf 86' lang='lat' dir='ltr'>condidit</span> <span class='ocrx_word' id='word_1_113' title='bbox 940 1293 1073 1331; x_wconf 88' lang='lat' dir='ltr'>omnia</span> <span class='ocrx_word' id='word_1_114' title='bbox 1103 1293 1220 1340; x_wconf 89' lang='lat' dir='ltr'>solus,</span> 
     </span>
     <span class='ocr_line' id='line_1_18' title="bbox 234 1358 1693 1408; baseline -0.003 -10"><span class='ocrx_word' id='word_1_115' title='bbox 234 1360 307 1398; x_wconf 90' lang='lat' dir='ltr'>Ille</span> <span class='ocrx_word' id='word_1_116' title='bbox 336 1360 561 1398; x_wconf 86' lang='lat' dir='ltr'>reformauit</span> <span class='ocrx_word' id='word_1_117' title='bbox 590 1367 628 1397; x_wconf 92' lang='lat' dir='ltr'>et</span> <span class='ocrx_word' id='word_1_118' title='bbox 658 1358 849 1408; x_wconf 84' lang='lat' dir='ltr'>reparauit</span> <span class='ocrx_word' id='word_1_119' title='bbox 879 1371 988 1408; x_wconf 87' lang='lat' dir='ltr'>opus.</span> <span class='ocrx_word' id='word_1_120' title='bbox 1627 1361 1693 1402; x_wconf 77' lang='lat'>630</span> 
     </span>
     <span class='ocr_line' id='line_1_19' title="bbox 233 1423 1176 1474; baseline -0.003 -11"><span class='ocrx_word' id='word_1_121' title='bbox 233 1425 400 1474; x_wconf 87' lang='lat' dir='ltr'>Accepit</span> <span class='ocrx_word' id='word_1_122' title='bbox 429 1425 530 1463; x_wconf 89' lang='lat' dir='ltr'>serui</span> <span class='ocrx_word' id='word_1_123' title='bbox 558 1424 724 1462; x_wconf 86' lang='lat' dir='ltr'>sormam</span> <span class='ocrx_word' id='word_1_124' title='bbox 755 1435 970 1473; x_wconf 83' lang='lat' dir='ltr'>seruosque</span> <span class='ocrx_word' id='word_1_125' title='bbox 998 1423 1176 1469; x_wconf 90' lang='lat' dir='ltr'>redemit,</span> 
     </span>
     <span class='ocr_line' id='line_1_20' title="bbox 236 1488 1151 1539; baseline -0.002 -11"><span class='ocrx_word' id='word_1_126' title='bbox 236 1489 430 1528; x_wconf 90' lang='lat' dir='ltr'>Demonis</span> <span class='ocrx_word' id='word_1_127' title='bbox 460 1496 498 1527; x_wconf 89' lang='lat' dir='ltr'>et</span> <span class='ocrx_word' id='word_1_128' title='bbox 528 1490 637 1539; x_wconf 86' lang='lat' dir='ltr'>quod</span> <span class='ocrx_word' id='word_1_129' title='bbox 666 1496 747 1527; x_wconf 87' lang='lat' dir='ltr'>erat</span> <span class='ocrx_word' id='word_1_130' title='bbox 775 1489 919 1527; x_wconf 83' lang='lat' dir='ltr'>fecerat</span> <span class='ocrx_word' id='word_1_131' title='bbox 948 1501 1034 1526; x_wconf 89' lang='lat' dir='ltr'>esse</span> <span class='ocrx_word' id='word_1_132' title='bbox 1063 1488 1151 1526; x_wconf 89' lang='lat' dir='ltr'>dei:</span> 
     </span>
     <span class='ocr_line' id='line_1_21' title="bbox 236 1551 1258 1604; baseline -0.002 -12"><span class='ocrx_word' id='word_1_133' title='bbox 236 1556 359 1593; x_wconf 91' lang='lat' dir='ltr'>Hunc</span> <span class='ocrx_word' id='word_1_134' title='bbox 388 1555 501 1604; x_wconf 88' lang='lat' dir='ltr'>igitur</span> <span class='ocrx_word' id='word_1_135' title='bbox 529 1561 704 1604; x_wconf 87' lang='lat' dir='ltr'>superest</span> <span class='ocrx_word' id='word_1_136' title='bbox 733 1554 880 1592; x_wconf 88' lang='lat' dir='ltr'>deuota</span> <span class='ocrx_word' id='word_1_137' title='bbox 908 1560 1042 1591; x_wconf 88' lang='lat' dir='ltr'>mente</span> <span class='ocrx_word' id='word_1_138' title='bbox 1072 1551 1258 1603; x_wconf 89' lang='lat' dir='ltr'>sequaris,</span> 
     </span>
     <span class='ocr_line' id='line_1_22' title="bbox 233 1619 1140 1668; baseline -0.002 -11"><span class='ocrx_word' id='word_1_139' title='bbox 233 1620 367 1668; x_wconf 90' lang='lat' dir='ltr'>thue</span> <span class='ocrx_word' id='word_1_140' title='bbox 395 1626 506 1657; x_wconf 88' lang='lat' dir='ltr'>tuum</span> <span class='ocrx_word' id='word_1_141' title='bbox 535 1619 743 1657; x_wconf 90' lang='lat' dir='ltr'>dominum</span> <span class='ocrx_word' id='word_1_142' title='bbox 773 1619 994 1656; x_wconf 84' lang='lat' dir='ltr'>confitearis</span> <span class='ocrx_word' id='word_1_143' title='bbox 1024 1631 1140 1665; x_wconf 83' lang='lat' dir='ltr'>eum;</span> 
     </span>
     <span class='ocr_line' id='line_1_23' title="bbox 235 1682 1358 1734; baseline -0.003 -11"><span class='ocrx_word' id='word_1_144' title='bbox 235 1686 550 1734; x_wconf 85' lang='lat' dir='ltr'>Preceptumque</span> <span class='ocrx_word' id='word_1_145' title='bbox 578 1685 677 1731; x_wconf 89' lang='lat' dir='ltr'>leue,</span> <span class='ocrx_word' id='word_1_146' title='bbox 708 1683 870 1722; x_wconf 90' lang='lat' dir='ltr'>vetitum</span> <span class='ocrx_word' id='word_1_147' title='bbox 901 1696 981 1722; x_wconf 90' lang='lat' dir='ltr'>non</span> <span class='ocrx_word' id='word_1_148' title='bbox 1010 1690 1169 1734; x_wconf 86' lang='lat' dir='ltr'>tangere</span> <span class='ocrx_word' id='word_1_149' title='bbox 1198 1682 1358 1729; x_wconf 87' lang='lat' dir='ltr'>crimen,</span> 
     </span>
     <span class='ocr_line' id='line_1_24' title="bbox 236 1747 1035 1799; baseline -0.001 -11"><span class='ocrx_word' id='word_1_150' title='bbox 236 1749 277 1788; x_wconf 87' lang='lat' dir='ltr'>Si</span> <span class='ocrx_word' id='word_1_151' title='bbox 306 1756 390 1788; x_wconf 91' lang='lat' dir='ltr'>toto</span> <span class='ocrx_word' id='word_1_152' title='bbox 419 1748 592 1799; x_wconf 84' lang='lat' dir='ltr'>sequeris</span> <span class='ocrx_word' id='word_1_153' title='bbox 621 1749 751 1796; x_wconf 89' lang='lat' dir='ltr'>corde,</span> <span class='ocrx_word' id='word_1_154' title='bbox 782 1748 921 1786; x_wconf 87' lang='lat' dir='ltr'>beatus</span> <span class='ocrx_word' id='word_1_155' title='bbox 950 1747 1035 1787; x_wconf 89' lang='lat' dir='ltr'>eris.</span> 
     </span>
    </p>
   </div>
   <div class='ocr_carea' id='block_1_3' title="bbox 238 1873 1699 2036">
    <p class='ocr_par' dir='ltr' id='par_1_3' title="bbox 238 1873 1699 2036">
     <span class='ocr_line' id='line_1_25' title="bbox 284 1873 1697 1919; baseline -0.004 -7"><span class='ocrx_word' id='word_1_156' title='bbox 284 1876 363 1911; x_wconf 92' lang='lat' dir='ltr'>Hic</span> <span class='ocrx_word' id='word_1_157' title='bbox 387 1878 548 1912; x_wconf 88' lang='lat' dir='ltr'>tractat</span> <span class='ocrx_word' id='word_1_158' title='bbox 573 1876 752 1919; x_wconf 85' lang='lat' dir='ltr'>qualiter</span> <span class='ocrx_word' id='word_1_159' title='bbox 782 1876 905 1910; x_wconf 92' lang='lat' dir='ltr'>homo</span> <span class='ocrx_word' id='word_1_160' title='bbox 934 1875 1083 1910; x_wconf 85' lang='lat' dir='ltr'>dieitur</span> <span class='ocrx_word' id='word_1_161' title='bbox 1110 1875 1247 1908; x_wconf 84' lang='lat' dir='ltr'>minor</span> <span class='ocrx_word' id='word_1_162' title='bbox 1275 1874 1473 1913; x_wconf 88' lang='lat' dir='ltr'>mundus;</span> <span class='ocrx_word' id='word_1_163' title='bbox 1500 1874 1562 1908; x_wconf 89' lang='lat' dir='ltr'>ita</span> <span class='ocrx_word' id='word_1_164' title='bbox 1586 1873 1697 1916; x_wconf 89' lang='lat' dir='ltr'>quod</span> 
     </span>
     <span class='ocr_line' id='line_1_26' title="bbox 239 1931 1699 1976; baseline -0.003 -6"><span class='ocrx_word' id='word_1_165' title='bbox 239 1935 463 1970; x_wconf 86' lang='lat' dir='ltr'>secundum</span> <span class='ocrx_word' id='word_1_166' title='bbox 480 1934 558 1968; x_wconf 87' lang='lat' dir='ltr'>hoc</span> <span class='ocrx_word' id='word_1_167' title='bbox 577 1933 684 1976; x_wconf 88' lang='lat' dir='ltr'>quod</span> <span class='ocrx_word' id='word_1_168' title='bbox 700 1933 823 1967; x_wconf 89' lang='lat' dir='ltr'>homo</span> <span class='ocrx_word' id='word_1_169' title='bbox 838 1934 942 1968; x_wconf 90' lang='lat' dir='ltr'>bene</span> <span class='ocrx_word' id='word_1_170' title='bbox 958 1933 1027 1967; x_wconf 89' lang='lat' dir='ltr'>vel</span> <span class='ocrx_word' id='word_1_171' title='bbox 1044 1933 1153 1966; x_wconf 86' lang='lat' dir='ltr'>male</span> <span class='ocrx_word' id='word_1_172' title='bbox 1171 1932 1271 1976; x_wconf 84' lang='lat' dir='ltr'>agit,</span> <span class='ocrx_word' id='word_1_173' title='bbox 1286 1932 1464 1966; x_wconf 89' lang='lat' dir='ltr'>mundus</span> <span class='ocrx_word' id='word_1_174' title='bbox 1481 1931 1615 1966; x_wconf 88' lang='lat' dir='ltr'>bonus</span> <span class='ocrx_word' id='word_1_175' title='bbox 1629 1931 1699 1965; x_wconf 89' lang='lat' dir='ltr'>vel</span> 
     </span>
     <span class='ocr_line' id='line_1_27' title="bbox 238 1991 938 2036; baseline -0.004 -9"><span class='ocrx_word' id='word_1_176' title='bbox 238 1994 374 2028; x_wconf 84' lang='lat' dir='ltr'>malus</span> <span class='ocrx_word' id='word_1_177' title='bbox 400 2002 472 2036; x_wconf 87' lang='lat' dir='ltr'>per</span> <span class='ocrx_word' id='word_1_178' title='bbox 497 2001 757 2035; x_wconf 86' lang='lat' dir='ltr'>consequens</span> <span class='ocrx_word' id='word_1_179' title='bbox 782 1991 938 2026; x_wconf 84' lang='lat' dir='ltr'>existit.</span> 
     </span>
    </p>
   </div>
   <div class='ocr_carea' id='block_1_4' title="bbox 143 2069 1700 2830">
    <p class='ocr_par' dir='ltr' id='par_1_4' title="bbox 143 2069 1352 2187">
     <span class='ocr_line' id='line_1_28' title="bbox 143 2069 1352 2122; baseline -0.004 -10"><span class='ocrx_word' id='word_1_180' title='bbox 143 2104 151 2112; x_wconf 90' lang='lat'><strong>.</strong></span> <span class='ocrx_word' id='word_1_181' title='bbox 173 2074 249 2112; x_wconf 89' lang='lat' dir='ltr'>viii.</span> <span class='ocrx_word' id='word_1_182' title='bbox 334 2073 370 2112; x_wconf 93' lang='lat' dir='ltr'>O</span> <span class='ocrx_word' id='word_1_183' title='bbox 400 2072 523 2122; x_wconf 87' lang='lat' dir='ltr'>pietas</span> <span class='ocrx_word' id='word_1_184' title='bbox 552 2070 717 2119; x_wconf 87' lang='lat' dir='ltr'>domini,</span> <span class='ocrx_word' id='word_1_185' title='bbox 746 2070 952 2121; x_wconf 86' lang='lat' dir='ltr'>qualisque</span> <span class='ocrx_word' id='word_1_186' title='bbox 980 2069 1174 2120; x_wconf 89' lang='lat' dir='ltr'>potencia,</span> <span class='ocrx_word' id='word_1_187' title='bbox 1205 2077 1352 2120; x_wconf 87' lang='lat' dir='ltr'>quanta</span> 
     </span>
     <span class='ocr_line' id='line_1_29' title="bbox 243 2135 1149 2187; baseline -0.004 -11"><span class='ocrx_word' id='word_1_188' title='bbox 243 2139 394 2184; x_wconf 83' lang='lat' dir='ltr'>Gracia,</span> <span class='ocrx_word' id='word_1_189' title='bbox 426 2150 503 2187; x_wconf 84' lang='lat' dir='ltr'>que</span> <span class='ocrx_word' id='word_1_190' title='bbox 532 2145 684 2175; x_wconf 90' lang='lat' dir='ltr'>tantum</span> <span class='ocrx_word' id='word_1_191' title='bbox 715 2137 857 2174; x_wconf 87' lang='lat' dir='ltr'>fecerat</span> <span class='ocrx_word' id='word_1_192' title='bbox 887 2148 972 2174; x_wconf 89' lang='lat' dir='ltr'>esse</span> <span class='ocrx_word' id='word_1_193' title='bbox 1000 2135 1149 2173; x_wconf 87' lang='lat' dir='ltr'>virum!</span> 
     </span>
    </p>

    <p class='ocr_par' dir='ltr' id='par_1_5' title="bbox 243 2199 1700 2445">
     <span class='ocr_line' id='line_1_30' title="bbox 243 2199 1357 2251; baseline -0.003 -11"><span class='ocrx_word' id='word_1_194' title='bbox 243 2203 313 2240; x_wconf 88' lang='lat' dir='ltr'>Vir</span> <span class='ocrx_word' id='word_1_195' title='bbox 341 2203 439 2251; x_wconf 84' lang='lat' dir='ltr'>sapit</span> <span class='ocrx_word' id='word_1_196' title='bbox 468 2202 651 2250; x_wconf 84' lang='lat' dir='ltr'>angelicis</span> <span class='ocrx_word' id='word_1_197' title='bbox 681 2214 770 2238; x_wconf 89' lang='lat' dir='ltr'>cum</span> <span class='ocrx_word' id='word_1_198' title='bbox 801 2199 963 2247; x_wconf 84' lang='lat' dir='ltr'>cetibuS,</span> <span class='ocrx_word' id='word_1_199' title='bbox 995 2200 1099 2238; x_wconf 91' lang='lat' dir='ltr'>vnde</span> <span class='ocrx_word' id='word_1_200' title='bbox 1128 2212 1357 2249; x_wconf 89' lang='lat' dir='ltr'>supremum</span> 
     </span>
     <span class='ocr_line' id='line_1_31' title="bbox 245 2265 1700 2310; baseline -0.004 -5"><span class='ocrx_word' id='word_1_201' title='bbox 245 2268 344 2305; x_wconf 90' lang='lat' dir='ltr'>Esse</span> <span class='ocrx_word' id='word_1_202' title='bbox 373 2274 586 2304; x_wconf 83' lang='lat' dir='ltr'>creatorem</span> <span class='ocrx_word' id='word_1_203' title='bbox 616 2266 742 2304; x_wconf 91' lang='lat' dir='ltr'>noscit</span> <span class='ocrx_word' id='word_1_204' title='bbox 771 2266 810 2302; x_wconf 91' lang='lat' dir='ltr'>in</span> <span class='ocrx_word' id='word_1_205' title='bbox 839 2265 935 2303; x_wconf 88' lang='lat' dir='ltr'>orbe</span> <span class='ocrx_word' id='word_1_206' title='bbox 964 2265 1108 2303; x_wconf 87' lang='lat' dir='ltr'>deum:</span> <span class='ocrx_word' id='word_1_207' title='bbox 1634 2267 1700 2310; x_wconf 80' lang='lat'>640</span> 
     </span>
     <span class='ocr_line' id='line_1_32' title="bbox 245 2328 1405 2380; baseline -0.003 -11"><span class='ocrx_word' id='word_1_208' title='bbox 245 2332 371 2370; x_wconf 88' lang='lat' dir='ltr'>Sentit</span> <span class='ocrx_word' id='word_1_209' title='bbox 400 2338 437 2369; x_wconf 91' lang='lat' dir='ltr'>et</span> <span class='ocrx_word' id='word_1_210' title='bbox 465 2331 574 2368; x_wconf 87' lang='lat' dir='ltr'>audit</span> <span class='ocrx_word' id='word_1_211' title='bbox 603 2331 734 2377; x_wconf 89' lang='lat' dir='ltr'>bomo,</span> <span class='ocrx_word' id='word_1_212' title='bbox 765 2337 904 2380; x_wconf 86' lang='lat' dir='ltr'>gustat,</span> <span class='ocrx_word' id='word_1_213' title='bbox 934 2328 1052 2376; x_wconf 88' lang='lat' dir='ltr'>videt,</span> <span class='ocrx_word' id='word_1_214' title='bbox 1083 2329 1269 2375; x_wconf 88' lang='lat' dir='ltr'>ambulat,</span> <span class='ocrx_word' id='word_1_215' title='bbox 1301 2328 1405 2366; x_wconf 89' lang='lat' dir='ltr'>vnde</span> 
     </span>
     <span class='ocr_line' id='line_1_33' title="bbox 245 2394 1076 2445; baseline -0.004 -11"><span class='ocrx_word' id='word_1_216' title='bbox 245 2398 395 2435; x_wconf 87' lang='lat' dir='ltr'>Nature</span> <span class='ocrx_word' id='word_1_217' title='bbox 424 2394 594 2445; x_wconf 88' lang='lat' dir='ltr'>speciem</span> <span class='ocrx_word' id='word_1_218' title='bbox 624 2396 694 2433; x_wconf 88' lang='lat' dir='ltr'>fert</span> <span class='ocrx_word' id='word_1_219' title='bbox 723 2395 902 2433; x_wconf 89' lang='lat' dir='ltr'>animalis</span> <span class='ocrx_word' id='word_1_220' title='bbox 930 2394 1076 2432; x_wconf 88' lang='lat' dir='ltr'>homo:</span> 
     </span>
    </p>

    <p class='ocr_par' dir='ltr' id='par_1_6' title="bbox 245 2457 1432 2574">
     <span class='ocr_line' id='line_1_34' title="bbox 245 2457 1432 2506; baseline -0.006 -5"><span class='ocrx_word' id='word_1_221' title='bbox 245 2462 348 2501; x_wconf 90' lang='lat' dir='ltr'>Cum</span> <span class='ocrx_word' id='word_1_222' title='bbox 378 2468 509 2498; x_wconf 86' lang='lat' dir='ltr'>tamen</span> <span class='ocrx_word' id='word_1_223' title='bbox 538 2459 740 2498; x_wconf 87' lang='lat' dir='ltr'>arboribus</span> <span class='ocrx_word' id='word_1_224' title='bbox 770 2460 891 2498; x_wconf 88' lang='lat' dir='ltr'>homo</span> <span class='ocrx_word' id='word_1_225' title='bbox 919 2457 1068 2504; x_wconf 86' lang='lat' dir='ltr'>crescit,</span> <span class='ocrx_word' id='word_1_226' title='bbox 1100 2464 1138 2496; x_wconf 90' lang='lat' dir='ltr'>et</span> <span class='ocrx_word' id='word_1_227' title='bbox 1167 2457 1318 2506; x_wconf 90' lang='lat' dir='ltr'>optinet</span> <span class='ocrx_word' id='word_1_228' title='bbox 1347 2469 1432 2495; x_wconf 88' lang='lat' dir='ltr'>esse</span> 
     </span>
     <span class='ocr_line' id='line_1_35' title="bbox 246 2524 1038 2574; baseline -0.003 -11"><span class='ocrx_word' id='word_1_229' title='bbox 246 2527 294 2564; x_wconf 91' lang='lat' dir='ltr'>In</span> <span class='ocrx_word' id='word_1_230' title='bbox 323 2525 498 2574; x_wconf 82' lang='lat' dir='ltr'>lapidum</span> <span class='ocrx_word' id='word_1_231' title='bbox 528 2524 650 2562; x_wconf 91' lang='lat' dir='ltr'>forma</span> <span class='ocrx_word' id='word_1_232' title='bbox 680 2524 916 2573; x_wconf 89' lang='lat' dir='ltr'>proprietate</span> <span class='ocrx_word' id='word_1_233' title='bbox 946 2535 1038 2561; x_wconf 88' lang='lat' dir='ltr'>sua:</span> 
     </span>
    </p>

    <p class='ocr_par' dir='ltr' id='par_1_7' title="bbox 245 2585 1441 2693">
     <span class='ocr_line' id='line_1_36' title="bbox 245 2585 1441 2637; baseline -0.003 -10"><span class='ocrx_word' id='word_1_234' title='bbox 245 2591 309 2628; x_wconf 88' lang='lat' dir='ltr'>Sic</span> <span class='ocrx_word' id='word_1_235' title='bbox 339 2590 466 2627; x_wconf 88' lang='lat' dir='ltr'>minor</span> <span class='ocrx_word' id='word_1_236' title='bbox 495 2596 552 2626; x_wconf 89' lang='lat' dir='ltr'>est</span> <span class='ocrx_word' id='word_1_237' title='bbox 581 2588 752 2626; x_wconf 88' lang='lat' dir='ltr'>mundus</span> <span class='ocrx_word' id='word_1_238' title='bbox 781 2589 913 2634; x_wconf 88' lang='lat' dir='ltr'>homo,</span> <span class='ocrx_word' id='word_1_239' title='bbox 945 2587 1013 2637; x_wconf 89' lang='lat' dir='ltr'>qui</span> <span class='ocrx_word' id='word_1_240' title='bbox 1042 2588 1114 2625; x_wconf 89' lang='lat' dir='ltr'>fert</span> <span class='ocrx_word' id='word_1_241' title='bbox 1142 2585 1294 2636; x_wconf 88' lang='lat' dir='ltr'>singula</span> <span class='ocrx_word' id='word_1_242' title='bbox 1324 2586 1441 2632; x_wconf 89' lang='lat' dir='ltr'>solus,</span> 
     </span>
     <span class='ocr_line' id='line_1_37' title="bbox 247 2652 1080 2693; baseline -0.004 -1"><span class='ocrx_word' id='word_1_243' title='bbox 247 2654 327 2693; x_wconf 90' lang='lat' dir='ltr'>Soli</span> <span class='ocrx_word' id='word_1_244' title='bbox 356 2654 461 2691; x_wconf 90' lang='lat' dir='ltr'>solus</span> <span class='ocrx_word' id='word_1_245' title='bbox 491 2654 611 2690; x_wconf 88' lang='lat' dir='ltr'>homo</span> <span class='ocrx_word' id='word_1_246' title='bbox 640 2653 706 2690; x_wconf 87' lang='lat' dir='ltr'>dat</span> <span class='ocrx_word' id='word_1_247' title='bbox 735 2665 842 2690; x_wconf 85' lang='lat' dir='ltr'>sacra</span> <span class='ocrx_word' id='word_1_248' title='bbox 870 2660 961 2690; x_wconf 91' lang='lat' dir='ltr'>vota</span> <span class='ocrx_word' id='word_1_249' title='bbox 990 2652 1080 2690; x_wconf 87' lang='lat' dir='ltr'>deo.</span> 
     </span>
    </p>

    <p class='ocr_par' dir='ltr' id='par_1_8' title="bbox 248 2714 1382 2830">
     <span class='ocr_line' id='line_1_38' title="bbox 248 2714 1382 2766; baseline -0.004 -10"><span class='ocrx_word' id='word_1_250' title='bbox 248 2720 321 2756; x_wconf 87' lang='lat' dir='ltr'>Est</span> <span class='ocrx_word' id='word_1_251' title='bbox 350 2719 470 2756; x_wconf 85' lang='lat' dir='ltr'>homo</span> <span class='ocrx_word' id='word_1_252' title='bbox 500 2716 566 2766; x_wconf 86' lang='lat' dir='ltr'>qui</span> <span class='ocrx_word' id='word_1_253' title='bbox 595 2717 766 2754; x_wconf 90' lang='lat' dir='ltr'>mundus</span> <span class='ocrx_word' id='word_1_254' title='bbox 794 2717 845 2755; x_wconf 91' lang='lat' dir='ltr'>de</span> <span class='ocrx_word' id='word_1_255' title='bbox 872 2715 955 2755; x_wconf 91' lang='lat' dir='ltr'>iure</span> <span class='ocrx_word' id='word_1_256' title='bbox 984 2729 1056 2754; x_wconf 89' lang='lat' dir='ltr'>suo</span> <span class='ocrx_word' id='word_1_257' title='bbox 1085 2714 1159 2753; x_wconf 84' lang='lat' dir='ltr'>sibi</span> <span class='ocrx_word' id='word_1_258' title='bbox 1188 2714 1382 2753; x_wconf 88' lang='lat' dir='ltr'>mundum</span> 
     </span>
     <span class='ocr_line' id='line_1_39' title="bbox 250 2780 1167 2830; baseline -0.003 -10"><span class='ocrx_word' id='word_1_259' title='bbox 250 2782 402 2828; x_wconf 68' lang='lat' dir='ltr'>Subdst,</span> <span class='ocrx_word' id='word_1_260' title='bbox 434 2789 472 2820; x_wconf 90' lang='lat' dir='ltr'>et</span> <span class='ocrx_word' id='word_1_261' title='bbox 500 2780 540 2818; x_wconf 90' lang='lat' dir='ltr'>in</span> <span class='ocrx_word' id='word_1_262' title='bbox 569 2781 708 2818; x_wconf 89' lang='lat' dir='ltr'>melius</span> <span class='ocrx_word' id='word_1_263' title='bbox 737 2781 866 2830; x_wconf 88' lang='lat' dir='ltr'>dirigit</span> <span class='ocrx_word' id='word_1_264' title='bbox 896 2781 989 2819; x_wconf 89' lang='lat' dir='ltr'>inde</span> <span class='ocrx_word' id='word_1_265' title='bbox 1019 2787 1167 2818; x_wconf 84' lang='lat' dir='ltr'>status:</span> 
     </span>
    </p>
   </div>
   <div class='ocr_carea' id='block_1_5' title="bbox 251 2842 1369 2948">
    <p class='ocr_par' dir='ltr' id='par_1_9' title="bbox 251 2842 1369 2948">
     <span class='ocr_line' id='line_1_40' title="bbox 251 2842 1369 2894; baseline -0.003 -10"><span class='ocrx_word' id='word_1_266' title='bbox 251 2847 291 2885; x_wconf 91' lang='lat' dir='ltr'>Si</span> <span class='ocrx_word' id='word_1_267' title='bbox 320 2853 452 2885; x_wconf 86' lang='lat' dir='ltr'>tamen</span> <span class='ocrx_word' id='word_1_268' title='bbox 481 2845 695 2883; x_wconf 81' lang='lat' dir='ltr'>inmundus</span> <span class='ocrx_word' id='word_1_269' title='bbox 726 2851 794 2892; x_wconf 88' lang='lat' dir='ltr'>est,</span> <span class='ocrx_word' id='word_1_270' title='bbox 825 2857 902 2894; x_wconf 92' lang='lat' dir='ltr'>que</span> <span class='ocrx_word' id='word_1_271' title='bbox 935 2852 1022 2883; x_wconf 80' lang='lat' dir='ltr'>sunt</span> <span class='ocrx_word' id='word_1_272' title='bbox 1051 2844 1202 2894; x_wconf 84' lang='lat' dir='ltr'>singula</span> <span class='ocrx_word' id='word_1_273' title='bbox 1231 2842 1369 2882; x_wconf 90' lang='lat' dir='ltr'>mundi</span> 
     </span>
     <span class='ocr_line' id='line_1_41' title="bbox 308 2909 992 2948; baseline -0.003 -17"><span class='ocrx_word' id='word_1_274' title='bbox 308 2909 405 2931; x_wconf 79' lang='lat'><em>****</em></span> <span class='ocrx_word' id='word_1_275' title='bbox 964 2920 992 2948; x_wconf 81' lang='lat' dir='ltr'><strong>U</strong></span> 
     </span>
    </p>
   </div>
   <div class='ocr_carea' id='block_1_6' title="bbox 0 0 173 3173">
    <p class='ocr_par' dir='ltr' id='par_1_10' title="bbox 0 0 173 3173">
     <span class='ocr_line' id='line_1_42' title="bbox 0 0 173 3173; baseline 0 0"><span class='ocrx_word' id='word_1_276' title='bbox 0 0 173 3173; x_wconf 95' lang='lat' dir='ltr'> </span> 
     </span>
    </p>
   </div>
  </div>
 </body>
</html>
