2095 3173
411 253 491 291 282

884 250 1014 291 VOX
1055 250 1414 291 CLAMANTIS

522 358 709 408 Vndique
738 358 913 406 dampna
941 357 1078 404 fluunt,
1110 356 1220 405 quod
1249 357 1288 393 in
1318 357 1394 394 isto
1423 362 1601 406 tempore
1629 355 1726 394 liber

523 424 670 462 Nescio
699 423 873 472 pacificis
902 434 983 471 quo
1012 421 1115 459 fruar
1144 421 1227 470 ipse
1256 422 1339 460 viis.

524 490 675 538 Expers
706 487 853 525 invidie
882 493 1091 536 paupertas
1121 487 1204 524 sola
1233 487 1420 534 manebit,

526 555 658 602 Quam
689 553 942 601 supplantare
971 552 1102 589 nullus
1131 552 1171 589 in
1201 551 1297 590 orbe
1326 553 1468 591 studet.

525 620 561 657 O
592 619 709 656 miser
738 624 777 655 et
806 617 898 655 felix
926 629 1085 666 pauper,
1118 617 1185 666 qui
1214 617 1313 655 liber
1342 617 1489 667 vbique

526 685 630 723 Cum
660 683 795 732 requie
823 682 968 720 mentis
997 682 1149 731 absque
1178 695 1325 732 pauore
1355 686 1511 721 manes!
1823 686 1889 728 360

528 750 587 788 ‘O
617 749 801 795 mundus,
834 748 1032 795 mundus,'
1063 748 1212 794 dicunt,
1246 749 1304 787 ‘O
1335 761 1382 786 ve
1411 748 1493 796 tibi,
1526 747 1711 794 mundus,

527 815 608 863 Qui
637 814 760 863 magis
789 820 909 862 atque
938 813 1061 862 magis
1091 813 1284 851 deteriora
1312 814 1414 862 paris
1433 815 1456 851 l’

527 880 637 928 Quid
667 878 742 917 sibi
772 879 820 917 sit
849 878 1023 916 mundus
1053 878 1179 927 igitur,
1211 891 1289 927 que
1318 879 1443 916 forma
1471 879 1532 916 vel
1564 878 1658 924 eius,

528 946 619 993 Que
647 945 709 983 vel
738 944 934 991 condicio,
966 943 1119 993 singula
1148 943 1246 981 scire
1274 944 1376 981 volo.

468 1077 574 1122 Quia
589 1075 875 1119 vnusquisque
899 1074 953 1108 ad
976 1084 1152 1119 presens
1176 1073 1227 1108 de
1248 1073 1391 1108 mundi
1413 1072 1594 1107 fallaciis
1612 1072 1892 1115 conqueritur,

421 1136 601 1171 intendit
619 1135 686 1169 hic
705 1134 754 1168 de
773 1135 891 1169 statu
908 1135 950 1169 et
967 1133 1214 1168 condicione
1231 1132 1384 1174 mundi,
1401 1142 1567 1166 necnon
1593 1134 1636 1167 et
1658 1131 1708 1166 de
1726 1130 1894 1165 miseria

423 1194 684 1230 condicionis
700 1193 897 1233 humane,
915 1194 1106 1227 tractare
1125 1193 1440 1236 consequenter.

313 1285 442 1332 Capm.
463 1295 498 1320 v.

589 1280 769 1319 Mundus
799 1280 906 1318 enirn
936 1279 1011 1317 sibi
1040 1279 1108 1317 dat
1138 1291 1297 1325 nomen,
1329 1285 1388 1316 set
1416 1277 1592 1315 mundus
1622 1276 1757 1314 haberi

535 1347 595 1384 Ex
625 1346 881 1383 inmundiciis
911 1346 962 1383 de
991 1344 1149 1382 racione
1179 1344 1339 1393 nequit:

534 1411 727 1450 Sordibus
756 1417 815 1448 est
844 1411 996 1459 plenus,
1030 1409 1221 1447 viciorum
1250 1409 1426 1458 germine
1455 1408 1608 1457 plenus,

535 1478 681 1514 Plenus
710 1476 896 1525 peccatis,
928 1476 1069 1524 plenus
1099 1474 1245 1523 vbique
1274 1474 1387 1512 dolis.

533 1543 734 1590 Tempora
763 1546 965 1578 mutantur
994 1546 1195 1577 mutantur
1224 1539 1493 1584 condiciones,

535 1608 825 1655 Mutanturque
854 1612 992 1652 status,
1023 1617 1099 1643 nec
1128 1610 1262 1642 manet
1292 1604 1392 1641 ordo
1423 1604 1503 1641 diu.
1835 1615 1900 1648 370

537 1672 689 1710 Discite
719 1684 838 1720 quam
869 1682 993 1720 prope
1023 1670 1072 1708 sit
1101 1677 1139 1707 et
1169 1682 1290 1719 quam
1319 1669 1448 1707 vicina
1477 1669 1600 1714 ruina,

537 1738 646 1775 Talis
676 1737 782 1774 enim
813 1736 966 1773 nullum
995 1748 1073 1785 que
1102 1736 1329 1773 releuamen
1359 1734 1504 1772 habet:

538 1802 690 1841 Discite
719 1814 839 1850 quam
870 1801 991 1838 nichil
1021 1808 1079 1838 est
1109 1800 1300 1849 quicquid
1329 1800 1500 1849 peritura
1528 1799 1708 1848 voluptas

539 1867 721 1905 Possidet
751 1873 789 1905 et
819 1866 915 1904 false
944 1866 1129 1904 vendicat
1158 1877 1245 1903 esse
1275 1878 1401 1903 suum.

592 1933 685 1970 Vita
715 1932 812 1981 quid
841 1938 900 1970 est
930 1932 1120 1980 presens?
1167 1931 1392 1980 temptacio,
1425 1941 1557 1979 pugna
1586 1929 1752 1966 molesta
1768 1942 1777 1975 3

543 1999 624 2036 Hic
652 1998 756 2035 acies
787 2009 953 2046 semper,
984 2009 1140 2046 semper
1169 2003 1207 2034 et
1236 1996 1360 2033 hostis
1390 1996 1526 2033 adest:

542 2065 620 2101 Fur
649 2062 804 2112 opibus,
836 2074 973 2111 guerra
1002 2062 1100 2111 paci,
1131 2061 1376 2110 morbusque
1405 2060 1521 2098 saluti

541 2128 713 2174 Inuidet,
745 2135 784 2165 et
813 2140 955 2176 corpus
985 2134 1118 2165 nostra
1147 2133 1307 2165 senecta
1335 2126 1499 2175 premit:

541 2195 687 2242 Sicque
716 2193 815 2241 perit
845 2192 989 2240 placite
1018 2192 1206 2240 paulatim
1236 2192 1364 2240 gracia
1395 2192 1530 2237 forme,

544 2259 745 2307 Nullaque
774 2258 825 2295 de
854 2257 987 2294 multis
1017 2269 1095 2306 que
1123 2258 1307 2306 placuere
1337 2262 1511 2293 manent.
1844 2261 1911 2301 380

547 2326 652 2362 Nam
681 2330 835 2373 gustata
863 2315 994 2360 minus
1024 2322 1193 2371 sapiunt,
1224 2322 1286 2359 vix
1316 2321 1435 2359 sentit
1464 2320 1619 2366 odores,

546 2390 624 2426 Vix
653 2400 814 2438 quoque
843 2388 1039 2425 clamosos
1069 2387 1234 2436 percipit
1263 2399 1356 2424 aure
1385 2398 1529 2424 sonos:

548 2455 730 2504 Caligant
761 2453 878 2498 oculi,
907 2453 959 2491 de
987 2459 1073 2490 toto
1103 2453 1185 2490 sola
1215 2459 1424 2500 supersunt

548 2521 626 2557 Vix
655 2520 755 2557 cutis
785 2525 823 2556 et
852 2518 984 2556 neruis
1013 2530 1103 2556 ossa
1132 2517 1247 2566 ligata
1277 2516 1367 2553 suis.

550 2587 709 2623 Estates
740 2584 836 2630 odit,
868 2584 1030 2633 hyemes
1059 2590 1098 2621 et
1127 2582 1268 2631 frigora
1297 2581 1440 2630 culpat,

553 2652 641 2688 Nec
669 2650 835 2699 querulo
865 2656 1032 2698 possunt
1061 2648 1138 2686 vlla
1167 2647 1321 2696 placere
1351 2647 1459 2684 seni:

554 2716 712 2765 Frigore
741 2726 848 2752 nunc
878 2714 1012 2760 nimio,
1040 2713 1164 2750 nimio
1193 2724 1299 2748 nunc
1328 2711 1471 2748 leditur
1499 2717 1595 2757 estu,

556 2781 609 2818 Et
638 2779 767 2817 stabili
798 2792 1016 2828 numquam
1045 2785 1249 2828 permanet
1280 2777 1343 2814 ille
1373 2784 1490 2814 statu.

555 2847 667 2884 Dens
696 2845 804 2883 dolet
832 2851 899 2882 aut
928 2844 1070 2890 ceruix,
1099 2850 1166 2881 aut
1195 2843 1324 2880 forsan
1354 2842 1486 2891 lingua
1515 2842 1664 2891 ligatur,

555 2910 675 2959 Splen
704 2916 841 2956 tumet,
872 2915 1022 2959 egrotat
1050 2909 1197 2959 pulmo,
1228 2906 1380 2945 laborat
1409 2919 1525 2956 epar3
1852 2919 1915 2951 390
