2912 4368
1607 787 1737 828 VOX
1778 785 2093 827 CLAMANTI
2104 785 2134 824 S

1244 898 1296 934 Vt
1326 909 1413 934 mea
1444 896 1596 933 sincero
1625 900 1752 931 currat
1782 893 1821 929 in
1852 904 1923 930 axe
1952 899 2062 929 rota:

1244 961 1489 1000 Scribentem
1520 961 1628 996 iuuet
1656 959 1738 1007 ipse
1768 958 1878 994 fauor
1907 957 2139 1004 minuatque
2169 954 2356 1001 laborem,

1245 1028 1349 1066 Cum
1380 1026 1502 1074 magis
1533 1025 1571 1061 in
1602 1023 1749 1072 pauido
1780 1030 1938 1071 pectore
1969 1027 2127 1070 perstat
2158 1032 2281 1069 opus:

1249 1091 1394 1129 Omnia
1423 1101 1625 1138 peruersas
1655 1095 1839 1137 poterunt
1869 1098 2120 1135 corrumpere
2151 1091 2319 1131 mentes,

1245 1157 1357 1194 Stant
1387 1161 1520 1192 tamen
1552 1155 1615 1191 illa
1645 1154 1723 1191 suis
1754 1153 1906 1202 singula
1936 1159 2019 1190 tuta
2050 1151 2170 1189 locis:

1245 1222 1297 1257 'Vt
1327 1220 1450 1269 magis
1481 1220 1564 1268 ipse
1594 1231 1749 1268 queam,
1781 1218 1919 1266 reliqui
1950 1216 2202 1266 poterintque
2232 1214 2372 1261 valere,

1246 1285 1325 1323 Scit
1356 1284 1465 1330 deus,
1498 1284 1570 1321 ista
1599 1283 1676 1320 mei
1707 1289 1796 1320 vota
1825 1282 1970 1319 laboris
2001 1288 2126 1318 erunt.

1244 1350 1401 1398 Aspice,
1433 1349 1581 1398 quique
1610 1349 1714 1397 leges
1744 1359 1790 1385 ex
1821 1346 1913 1395 ipsis
1943 1347 2109 1395 concipe
2139 1344 2278 1391 verbis,

1245 1415 1340 1452 Hoc
1370 1414 1490 1450 michi
1522 1425 1602 1450 non
1633 1413 1769 1450 odium
1800 1412 1969 1449 scribere
1999 1411 2138 1448 suadet
2168 1422 2278 1459 opus.

1246 1480 1284 1517 Si
1315 1478 1414 1516 liber
1443 1479 1515 1516 iste
1545 1478 1624 1515 suis
1655 1477 1900 1515 mordebitur
1929 1489 1975 1514 ex
2005 1476 2185 1522 inimicis,

1248 1545 1341 1582 Hoc
1371 1550 1463 1592 peto
1494 1555 1544 1581 ne
1573 1543 1725 1591 possint
1756 1543 1862 1579 hunc
1892 1543 2060 1579 lacerare
2091 1547 2251 1578 tamen:

1246 1609 1371 1656 Vade,
1403 1608 1511 1656 liber,
1544 1620 1678 1646 seruos
1708 1607 1782 1646 sub
1812 1620 1860 1646 eo
1890 1607 1957 1656 qui
1987 1606 2125 1644 liberat
2155 1617 2306 1651 omnes,

1248 1675 1334 1712 Nec
1364 1674 1467 1711 mala
1496 1674 1621 1722 possit
1651 1674 1722 1711 iter
1750 1685 1932 1722 rumpere
1961 1672 2095 1721 lingua
2124 1678 2264 1718 tuum,

1248 1740 1298 1785 Si,
1330 1739 1437 1785 liber,
1471 1751 1537 1777 ora
1568 1752 1688 1788 queas
1718 1739 1881 1776 transire
1911 1750 1979 1787 per
2008 1737 2143 1774 inuida
2172 1735 2280 1782 liber,

1247 1805 1463 1852 Imponent
1492 1804 1555 1841 alii
1586 1804 1772 1842 scandala
1801 1804 1908 1840 nulla
1938 1802 2019 1840 tibi.

1248 1869 1341 1906 Non
1372 1868 1443 1905 erit
1473 1868 1512 1905 in
1543 1868 1667 1906 dubio
1697 1881 1798 1906 mea
1827 1880 1913 1906 vox
1942 1868 2128 1913 clamans,
2161 1866 2232 1904 erit
2262 1866 2392 1904 omnis

1249 1933 1434 1982 Namque
1465 1934 1562 1971 fides
1593 1934 1708 1971 huius
1738 1933 1908 1970 maxima
1937 1933 2043 1970 vocis
2074 1932 2208 1969 homo.

1248 1999 1287 2036 Si
1318 1998 1437 2035 michi
1467 2005 1547 2036 tam
1578 2011 1671 2047 sepe
1701 1998 1825 2047 liquet
1854 1998 2061 2036 excusacio
2091 1998 2204 2043 facta,

1249 2063 1448 2112 Ignoscas,
1480 2064 1602 2101 timeo
1633 2064 1841 2112 naufragus
1871 2074 1991 2101 omne
2020 2063 2175 2100 fretum.

1302 2128 1338 2166 O
1370 2128 1536 2177 sapiens,
1569 2129 1653 2166 sine
1683 2141 1763 2177 quo
1793 2129 1913 2165 nichil
1944 2134 2002 2166 est
2033 2127 2231 2176 sapiencia
2261 2126 2414 2173 mundi,

1249 2192 1373 2231 Cuius
1404 2193 1443 2229 in
1474 2193 1711 2242 obsequium
1741 2205 1804 2231 me
1834 2205 1921 2231 mea
1951 2199 2041 2230 vota
2070 2192 2209 2238 ferunt,

1249 2258 1309 2295 Te
1338 2269 1477 2306 precor
1506 2258 1665 2295 instanti
1696 2258 1746 2295 da
1775 2264 1964 2307 tempore,
1998 2257 2137 2303 Criste,
2170 2256 2363 2302 misertus,

1249 2323 1302 2359 Vt
1331 2330 1455 2360 metra
1485 2335 1562 2372 que
1591 2323 1692 2372 pecii
1722 2330 1905 2372 prompta
1933 2335 2068 2372 parare
2098 2334 2269 2371 queam3

1248 2386 1423 2436 Turgida
1453 2387 1613 2434 deuitet,
1644 2387 1786 2425 falsum
1817 2400 1904 2425 mea
1933 2399 2064 2436 penna
2093 2393 2245 2424 recuset

1249 2452 1439 2499 Scribere,
1471 2459 1529 2490 set
1559 2451 1703 2490 scribat
1732 2464 1809 2502 que
1838 2453 1961 2491 modo
1991 2465 2082 2490 vera
2111 2452 2230 2489 videt.

1250 2517 1298 2554 In
1329 2517 1464 2566 primis
1494 2524 1632 2556 caueat
1662 2529 1712 2556 ne
1741 2518 1915 2564 fluctuet,
1947 2518 2070 2555 immo
2100 2517 2288 2555 decenter

1252 2583 1373 2630 Quod
1402 2583 1529 2631 primo
1559 2583 1684 2631 ponit
1713 2583 1887 2621 carmine
1917 2590 2045 2621 seruet
2076 2595 2203 2632 opus:

1252 2647 1334 2683 Hic
1364 2647 1483 2683 nichil
1514 2648 1689 2685 offendat
1718 2648 1917 2694 lectorem,
1950 2649 1998 2685 sit
2028 2648 2102 2685 nisi
2131 2659 2267 2685 verum

1250 2712 1331 2748 Aut
1360 2712 1438 2749 veri
1469 2712 1607 2758 simile,
1639 2713 1747 2761 quod
1777 2724 1865 2750 mea
1895 2713 2037 2760 scripta
2067 2712 2231 2750 dabunt.

1252 2776 1299 2813 In
1330 2783 1367 2813 te
1398 2776 1464 2824 qui
1495 2788 1535 2813 es
1565 2788 1678 2813 verus
1709 2788 1797 2814 mea
1827 2777 1874 2814 sit
1903 2777 2106 2814 sentencia
2136 2788 2236 2822 vera,

1251 2841 1345 2878 Non
1376 2840 1429 2878 ibi
1462 2841 1693 2890 figmentum
1724 2853 1882 2879 cernere
1911 2842 2033 2890 possit
2064 2842 2213 2879 homo:

1252 2906 1557 2955 Conueniatque
1587 2906 1640 2944 rei
1671 2905 1832 2943 verbum
1863 2918 2104 2955 sensumque
2135 2907 2337 2953 ministret,

1252 2971 1381 3008 Dulce
1411 2971 1458 3008 sit
1488 2978 1525 3009 et
1556 2972 1768 3020 quicquam
1799 2972 2092 3009 commoditatis
2124 2970 2299 3010 habens:

1251 3035 1367 3074 Absit
1397 3036 1558 3083 adulari,
1591 3049 1664 3074 nec
1693 3036 1741 3074 sit
1772 3036 1891 3073 michi
1922 3036 2053 3074 sabula
2083 3036 2203 3082 blesa,

1254 3101 1340 3139 Nec
1370 3102 1490 3138 michi
1520 3102 1603 3139 laus
1633 3102 1760 3139 meriti
1791 3102 1838 3139 sit
1868 3101 1951 3139 sine
1981 3102 2097 3139 laude
2126 3109 2204 3139 tua.

1254 3167 1317 3203 Da
1348 3167 1485 3216 loquar
1514 3174 1553 3205 vt
1582 3167 1726 3204 vicium
1757 3167 1955 3203 minuatur
1984 3174 2021 3204 et
2050 3167 2239 3204 ammodo
2269 3166 2388 3204 virtus

1254 3231 1427 3279 Crescat,
1460 3239 1498 3269 vt
1528 3233 1566 3269 in
1598 3232 1749 3269 mundo
1779 3232 1964 3269 mundior
1995 3239 2098 3269 extet
2129 3232 2278 3270 homo:

1254 3298 1316 3333 Tu
1346 3310 1500 3346 gressus
1530 3298 1698 3346 dispone
1727 3309 1849 3343 meos,
1881 3303 1921 3334 tu
1952 3304 2090 3345 pectus
2120 3298 2284 3346 adauge,

1254 3362 1316 3399 Tu
1348 3374 1485 3400 sensus
1514 3363 1632 3411 aperi,
1664 3369 1705 3400 tu
1736 3362 1826 3411 plue
1856 3360 1973 3399 verba
2003 3362 2150 3410 miclii3

1300 3437 1342 3476 69
1366 3441 1583 3477 potcnintquc
1598 3437 1624 3468 C

1765 3447 1807 3477 90
1833 3436 1997 3476 Quodque
2012 3437 2104 3477 prius
2124 3437 2153 3468 D
2203 3437 2301 3476 Quod
2319 3437 2414 3477 prius
2433 3437 2458 3467 L

2566 1291 2606 1325 70
2902 1312 2912 1323 κ,

2882 1311 2912 1345 ΗΜ

2862 1372 2912 1417 gradi

2863 1442 2912 1475 cmi*

2863 1493 2912 1524 ’,ἑξεῖ

2863 1554 2912 1596 pote*

2863 1610 2912 1643 Crisl

2568 1937 2610 1967 80

2569 2596 2612 2629 90
2794 2623 2795 2626 ,

2795 2886 2797 2911 l

2796 2925 2797 2940 l

2796 2949 2797 2960 i

2552 3246 2613 3268 100
