2095 3173
409 230 463 269 40

878 218 1007 259 VOX
1049 217 1410 260 CLAMANTIS

520 325 592 371 Fit,
625 337 756 374 neque
785 325 986 374 murelego
1017 324 1161 373 pardus
1191 323 1333 362 obesse
1362 330 1518 373 potest:

521 390 612 428 Hec
642 398 723 428 erat
753 391 817 427 illa
846 390 941 437 dies,
973 389 1114 428 mediis
1144 401 1223 438 qua
1251 389 1349 427 liber
1378 389 1418 426 in
1447 388 1551 427 aruis

520 456 584 494 Ad
614 455 755 505 predas
785 454 945 504 rapidus
975 460 1074 493 errat
1104 454 1250 504 vbique
1280 454 1407 504 lupus.

577 522 667 558 Hec
697 527 778 559 erat
808 520 872 557 illa
901 520 997 567 dies,
1028 521 1168 558 sortem
1199 532 1278 569 qua
1306 518 1460 567 debilis,
1490 519 1614 558 altum

522 587 700 632 Infimus,
732 592 770 624 et
799 597 988 634 magnum
1017 597 1160 635 paruus
1189 585 1336 635 vbique
1356 585 1466 623 terit:
1817 590 1882 630 650

523 652 613 689 Hec
634 657 715 689 erat
745 651 809 688 illa
838 651 933 698 dies,
966 650 1098 689 subito
1126 663 1205 700 qua
1233 651 1404 689 maxima
1434 662 1601 700 quercus

522 718 557 754 A
586 716 747 754 modico
775 716 915 754 leuiter
941 716 1129 754 stramine
1158 716 1268 754 vulsa
1296 716 1424 754 cadit:

524 783 614 820 Hec
644 789 725 820 erat
754 782 818 819 illa
849 782 944 829 dies,
975 782 1118 831 fragilis
1148 794 1225 831 qua
1253 782 1385 831 tegula
1412 781 1513 819 vires

523 848 767 885 Marmoreas
796 847 888 885 vicit
917 846 1065 885 viribus
1094 847 1159 884 illa
1188 847 1288 884 suis:

524 913 630 951 Ecce
659 913 755 960 dies,
787 913 827 950 in
857 924 936 962 qua
964 925 1035 950 sua
1063 912 1250 950 stramina
1279 919 1451 951 stramen
1480 911 1664 957 habebat,

524 979 614 1027 Que
644 978 753 1016 nullo
782 978 915 1027 precio
942 990 1062 1028 grana
1091 978 1219 1016 valere
1247 984 1412 1027 putant:

524 1044 616 1081 Hec
646 1049 727 1081 erat
755 1043 821 1081 illa
850 1043 946 1091 dies,
978 1056 1057 1093 qua
1085 1042 1265 1081 libertate
1294 1043 1467 1091 dolente,

524 1109 682 1147 Gaudet
711 1108 907 1146 rusticitas
935 1109 1151 1147 rusticitate
1181 1121 1276 1148 sua:

525 1175 617 1212 Hec
647 1181 727 1212 erat
757 1174 822 1212 illa
851 1174 947 1222 dies,
979 1186 1115 1213 seruos
1144 1186 1222 1224 que
1251 1174 1362 1213 duxit
1390 1174 1431 1212 in
1459 1174 1595 1221 altum,

525 1238 712 1278 Subdidit
740 1245 779 1278 et
808 1252 1001 1289 proceres,
1034 1252 1109 1278 nec
1138 1240 1230 1278 sinit
1259 1252 1345 1279 esse
1374 1252 1508 1289 pares:
1820 1243 1886 1277 660

526 1305 618 1343 Hec
648 1311 729 1343 erat
759 1305 823 1342 illa
853 1305 949 1352 dies,
981 1305 1167 1343 virtutum
1198 1305 1282 1343 dira
1312 1317 1484 1343 nouerca

526 1370 617 1418 Que
646 1369 717 1408 fuit
747 1375 786 1408 et
815 1370 948 1408 cuncti
978 1376 1104 1408 mater
1132 1371 1172 1408 in
1202 1369 1299 1408 orbe
1327 1370 1444 1408 mali:

526 1436 618 1473 Hec
647 1441 729 1473 erat
758 1435 823 1472 illa
852 1435 947 1482 dies,
980 1447 1059 1485 qua
1087 1435 1309 1485 preteriisse
1338 1436 1509 1473 futuram

528 1501 598 1538 Est
628 1501 695 1550 qui
724 1501 781 1538 vir
810 1501 967 1550 sapiens
996 1501 1126 1539 omnis
1156 1501 1196 1538 in
1226 1500 1322 1539 orbe
1351 1501 1470 1550 cupit.

582 1567 674 1604 Hec
703 1573 784 1604 erat
813 1566 879 1604 illa
908 1566 1004 1614 dies,
1035 1566 1285 1604 manifestam
1314 1566 1490 1604 numinis
1519 1565 1615 1603 iram

529 1632 620 1680 Qua
648 1643 720 1680 pro
748 1631 921 1680 peccatis
951 1631 1119 1680 quisque
1149 1631 1282 1669 venire
1311 1631 1447 1670 timet:

528 1697 620 1735 Hec
650 1703 731 1734 erat
760 1697 824 1734 illa
853 1696 949 1743 dies,
981 1708 1058 1746 que
1087 1697 1172 1735 sola
1200 1696 1407 1735 tremenda
1435 1708 1504 1746 per
1532 1694 1670 1734 orbem

526 1763 737 1811 Tanquam
768 1762 902 1800 iudicii
931 1761 1049 1811 plena
1078 1761 1229 1800 timoris
1258 1769 1362 1800 erat:

529 1828 621 1865 Hec
651 1834 731 1866 erat
761 1828 826 1865 illa
855 1828 952 1873 dies,
984 1827 1035 1866 de
1064 1839 1153 1877 qua,
1186 1827 1218 1865 si
1247 1839 1337 1865 vera
1366 1826 1545 1874 fatemur,

528 1892 698 1931 Cronica
728 1892 977 1931 consimilem
1007 1893 1114 1930 nulla
1143 1904 1212 1942 per
1240 1898 1333 1930 ante
1361 1892 1492 1931 docet.
1825 1896 1890 1939 670

529 1959 624 1995 Heu
654 1970 773 2007 quam
803 1957 1008 1996 terribilis!
1049 1958 1126 1996 heu
1157 1970 1277 2007 quam
1307 1958 1425 1995 tristis
1454 1957 1517 1995 vel
1545 1959 1701 1995 amara!

530 2023 661 2071 Quam
692 2023 867 2061 districta
896 2024 1009 2061 malis
1038 2029 1133 2061 tunc
1163 2023 1234 2061 fuit
1264 2023 1329 2060 illa
1359 2023 1467 2061 dies!

529 2088 645 2125 Vlcio
675 2088 829 2126 celestis
858 2089 986 2137 grauis
1016 2095 1054 2126 et
1084 2088 1197 2126 velox
1228 2095 1265 2126 et
1295 2094 1430 2137 aperta

532 2154 718 2191 Destruat
747 2153 820 2191 hos
849 2165 919 2202 per
947 2165 1048 2203 quos
1079 2153 1134 2191 sic
1163 2153 1254 2191 furit
1284 2154 1348 2191 illa
1378 2153 1476 2191 dies.

531 2218 662 2256 Tarda
691 2218 739 2256 sit
769 2219 833 2256 illa
863 2218 959 2265 dies,
990 2225 1125 2256 nostro
1155 2218 1288 2256 redeat
1319 2230 1393 2256 nec
1422 2218 1462 2255 in
1493 2229 1581 2265 eno,

529 2282 646 2321 Absit
675 2289 713 2321 et
745 2284 819 2321 hec
848 2295 966 2321 causa
995 2295 1072 2333 qua
1102 2283 1274 2322 reditura
1303 2284 1426 2321 foret:

532 2348 571 2386 Si
601 2348 708 2397 prius
738 2354 797 2386 est
825 2348 975 2398 aliquid
1005 2347 1120 2386 nobis
1151 2348 1225 2386 hac
1254 2349 1342 2386 luce
1370 2348 1601 2397 petendum,

533 2414 581 2451 In
611 2414 697 2452 loca
727 2426 778 2451 ne
806 2413 940 2452 redeat
968 2413 1138 2463 amplius
1167 2413 1241 2451 ista
1269 2425 1376 2462 rogo.

470 2555 548 2590 Hic
582 2555 682 2590 dicit
715 2564 762 2589 se
795 2564 868 2598 per
902 2554 1135 2598 sompnium
1168 2554 1340 2596 vidisse,
1381 2553 1502 2597 quod,
1543 2553 1708 2597 quando
1748 2563 1894 2588 onmes

424 2614 608 2658 predicte
625 2613 732 2648 furie
749 2614 792 2647 in
810 2623 939 2648 vnum
957 2613 1188 2648 extiterant
1212 2613 1483 2656 congregate,
1502 2612 1668 2656 quidam
1692 2612 1894 2648 Graculus

469 2719 534 2750 666
556 2718 672 2748 viuere
689 2718 833 2758 quisque
853 2719 884 2748 D

470 2770 553 2810 Cap.
570 2770 615 2801 ix.
631 2769 799 2810 Heading.
827 2780 847 2800 2
860 2769 961 2809 After
970 2768 1138 2801 Graculus
1153 2768 1202 2799 H2
1212 2768 1275 2799 has
1285 2767 1348 2798 sibi
1362 2773 1487 2799 statum
1501 2768 1677 2808 regiminis
1689 2769 1895 2809 presumpsit

425 2823 566 2853 aliorum
589 2826 622 2853 et
643 2821 677 2852 in
694 2823 743 2853 rei
759 2822 903 2853 veritate
921 2821 977 2852 ille
994 2821 1162 2853 Graculus
1179 2820 1241 2851 suit
1257 2821 1325 2851 dux
1341 2830 1473 2859 eorum,
1489 2821 1547 2860 qui
1566 2821 1732 2853 Graculus
1749 2822 1895 2861 angilice

426 2880 565 2906 vocatus
582 2878 633 2905 est
649 2884 668 2904 a
684 2884 771 2914 gaye
788 2880 822 2905 et
838 2874 1027 2905 secundum
1042 2872 1183 2913 vulgare
1202 2871 1329 2904 dictum
1345 2872 1537 2913 appellatur
1552 2872 1682 2906 Watte.
