<?xml version="1.0" encoding="UTF-8"?>
<!DOCTYPE html PUBLIC "-//W3C//DTD XHTML 1.0 Transitional//EN"
    "http://www.w3.org/TR/xhtml1/DTD/xhtml1-transitional.dtd">
<html xmlns="http://www.w3.org/1999/xhtml" xml:lang="en" lang="en">
 <head>
  <title>
</title>
<meta http-equiv="Content-Type" content="text/html;charset=utf-8" />
  <meta name='ocr-system' content='tesseract 3.04.00' />
  <meta name='ocr-capabilities' content='ocr_page ocr_carea ocr_par ocr_line ocrx_word'/>
</head>
<body>
  <div class='ocr_page' id='page_1' title='image "./completeworksofj04gowe_0328.png"; bbox 0 0 2095 3173; ppageno 0'>
   <div class='ocr_carea' id='block_1_1' title="bbox 970 213 1503 256">
    <p class='ocr_par' dir='ltr' id='par_1_1' title="bbox 970 213 1503 256">
     <span class='ocr_line' id='line_1_1' title="bbox 970 213 1503 256; baseline -0.006 0"><span class='ocrx_word' id='word_1_1' title='bbox 970 214 1102 256; x_wconf 89' lang='lat' dir='ltr'>VOX</span> <span class='ocrx_word' id='word_1_2' title='bbox 1142 213 1503 255; x_wconf 84' lang='lat' dir='ltr'><strong>CLAMANTIS</strong></span> 
     </span>
    </p>
   </div>
   <div class='ocr_carea' id='block_1_2' title="bbox 604 320 1786 2264">
    <p class='ocr_par' dir='ltr' id='par_1_2' title="bbox 610 320 1559 371">
     <span class='ocr_line' id='line_1_2' title="bbox 610 320 1559 371; baseline -0.003 -11"><span class='ocrx_word' id='word_1_3' title='bbox 610 322 787 371; x_wconf 81' lang='lat' dir='ltr'>Extirpat</span> <span class='ocrx_word' id='word_1_4' title='bbox 816 322 955 371; x_wconf 85' lang='lat' dir='ltr'>regnis,</span> <span class='ocrx_word' id='word_1_5' title='bbox 987 321 1054 358; x_wconf 89' lang='lat' dir='ltr'>dat</span> <span class='ocrx_word' id='word_1_6' title='bbox 1084 321 1263 366; x_wconf 85' lang='lat' dir='ltr'>flammis,</span> <span class='ocrx_word' id='word_1_7' title='bbox 1296 320 1559 369; x_wconf 82' lang='lat' dir='ltr'>depopulatur</span> 
     </span>
    </p>

    <p class='ocr_par' dir='ltr' id='par_1_3' title="bbox 611 381 1624 436">
     <span class='ocr_line' id='line_1_3' title="bbox 611 381 1624 436; baseline -0.001 -12"><span class='ocrx_word' id='word_1_8' title='bbox 611 388 761 436; x_wconf 81' lang='lat' dir='ltr'>Lingua</span> <span class='ocrx_word' id='word_1_9' title='bbox 791 381 924 432; x_wconf 79' lang='lat' dir='ltr'>duces,</span> <span class='ocrx_word' id='word_1_10' title='bbox 957 386 1089 435; x_wconf 87' lang='lat' dir='ltr'>lingua</span> <span class='ocrx_word' id='word_1_11' title='bbox 1119 385 1265 434; x_wconf 87' lang='lat' dir='ltr'>predia,</span> <span class='ocrx_word' id='word_1_12' title='bbox 1297 385 1428 434; x_wconf 88' lang='lat' dir='ltr'>lingua</span> <span class='ocrx_word' id='word_1_13' title='bbox 1458 385 1624 423; x_wconf 89' lang='lat' dir='ltr'>domos:</span> 
     </span>
    </p>

    <p class='ocr_par' dir='ltr' id='par_1_4' title="bbox 609 450 1625 501">
     <span class='ocr_line' id='line_1_4' title="bbox 609 450 1625 501; baseline -0.003 -12"><span class='ocrx_word' id='word_1_14' title='bbox 609 453 760 501; x_wconf 80' lang='lat' dir='ltr'>Lingua</span> <span class='ocrx_word' id='word_1_15' title='bbox 790 451 1018 488; x_wconf 85' lang='lat' dir='ltr'>maritorum</span> <span class='ocrx_word' id='word_1_16' title='bbox 1049 463 1171 488; x_wconf 92' lang='lat' dir='ltr'>nexus</span> <span class='ocrx_word' id='word_1_17' title='bbox 1202 450 1405 497; x_wconf 86' lang='lat' dir='ltr'>dissoluet,</span> <span class='ocrx_word' id='word_1_18' title='bbox 1436 456 1475 488; x_wconf 87' lang='lat' dir='ltr'>et</span> <span class='ocrx_word' id='word_1_19' title='bbox 1503 462 1625 487; x_wconf 90' lang='lat' dir='ltr'>vnum</span> 
     </span>
    </p>

    <p class='ocr_par' dir='ltr' id='par_1_5' title="bbox 609 516 1470 565">
     <span class='ocr_line' id='line_1_5' title="bbox 609 516 1470 565; baseline -0.001 -11"><span class='ocrx_word' id='word_1_20' title='bbox 609 517 731 565; x_wconf 83' lang='lat' dir='ltr'>Quod</span> <span class='ocrx_word' id='word_1_21' title='bbox 760 517 858 554; x_wconf 91' lang='lat' dir='ltr'>deus</span> <span class='ocrx_word' id='word_1_22' title='bbox 888 517 1066 562; x_wconf 82' lang='lat' dir='ltr'>instituit,</span> <span class='ocrx_word' id='word_1_23' title='bbox 1098 516 1216 554; x_wconf 86' lang='lat' dir='ltr'>efficit</span> <span class='ocrx_word' id='word_1_24' title='bbox 1246 528 1331 554; x_wconf 88' lang='lat' dir='ltr'>esse</span> <span class='ocrx_word' id='word_1_25' title='bbox 1361 517 1470 563; x_wconf 75' lang='lat' dir='ltr'>duo,</span> 
     </span>
    </p>

    <p class='ocr_par' dir='ltr' id='par_1_6' title="bbox 608 580 1657 632">
     <span class='ocr_line' id='line_1_6' title="bbox 608 580 1657 632; baseline -0.001 -13"><span class='ocrx_word' id='word_1_26' title='bbox 608 583 695 620; x_wconf 92' lang='lat' dir='ltr'>Lite</span> <span class='ocrx_word' id='word_1_27' title='bbox 725 582 940 632; x_wconf 79' lang='lat' dir='ltr'>fugantque</span> <span class='ocrx_word' id='word_1_28' title='bbox 969 582 1072 620; x_wconf 92' lang='lat' dir='ltr'>viros</span> <span class='ocrx_word' id='word_1_29' title='bbox 1103 589 1234 631; x_wconf 88' lang='lat' dir='ltr'>nupte,</span> <span class='ocrx_word' id='word_1_30' title='bbox 1268 589 1491 631; x_wconf 80' lang='lat' dir='ltr'>nuptasque</span> <span class='ocrx_word' id='word_1_31' title='bbox 1521 580 1657 626; x_wconf 86' lang='lat' dir='ltr'>mariti,</span> 
     </span>
    </p>

    <p class='ocr_par' dir='ltr' id='par_1_7' title="bbox 608 647 1561 696">
     <span class='ocr_line' id='line_1_7' title="bbox 608 647 1561 696; baseline -0.001 -11"><span class='ocrx_word' id='word_1_32' title='bbox 608 649 738 696; x_wconf 82' lang='lat' dir='ltr'>Inque</span> <span class='ocrx_word' id='word_1_33' title='bbox 766 648 914 684; x_wconf 89' lang='lat' dir='ltr'>malum</span> <span class='ocrx_word' id='word_1_34' title='bbox 945 647 1082 685; x_wconf 89' lang='lat' dir='ltr'>dicunt</span> <span class='ocrx_word' id='word_1_35' title='bbox 1112 660 1171 686; x_wconf 89' lang='lat' dir='ltr'>res</span> <span class='ocrx_word' id='word_1_36' title='bbox 1202 647 1276 685; x_wconf 88' lang='lat' dir='ltr'>sibi</span> <span class='ocrx_word' id='word_1_37' title='bbox 1306 660 1461 696; x_wconf 84' lang='lat' dir='ltr'>semper</span> <span class='ocrx_word' id='word_1_38' title='bbox 1489 647 1561 696; x_wconf 90' lang='lat' dir='ltr'>agi.</span> 
     </span>
    </p>

    <p class='ocr_par' dir='ltr' id='par_1_8' title="bbox 607 713 1547 762">
     <span class='ocr_line' id='line_1_8' title="bbox 607 713 1547 762; baseline -0.001 -11"><span class='ocrx_word' id='word_1_39' title='bbox 607 713 793 762; x_wconf 87' lang='lat' dir='ltr'>Corporis</span> <span class='ocrx_word' id='word_1_40' title='bbox 823 713 961 762; x_wconf 86' lang='lat' dir='ltr'>exigua</span> <span class='ocrx_word' id='word_1_41' title='bbox 990 726 1078 762; x_wconf 89' lang='lat' dir='ltr'>pars</span> <span class='ocrx_word' id='word_1_42' title='bbox 1108 714 1205 750; x_wconf 90' lang='lat' dir='ltr'>nulli</span> <span class='ocrx_word' id='word_1_43' title='bbox 1234 725 1394 762; x_wconf 82' lang='lat' dir='ltr'>parcere</span> <span class='ocrx_word' id='word_1_44' title='bbox 1423 713 1547 760; x_wconf 84' lang='lat' dir='ltr'>nouit,</span> 
     </span>
    </p>

    <p class='ocr_par' dir='ltr' id='par_1_9' title="bbox 607 778 1553 828">
     <span class='ocr_line' id='line_1_9' title="bbox 607 778 1553 828; baseline 0 -12"><span class='ocrx_word' id='word_1_45' title='bbox 607 779 739 816; x_wconf 85' lang='lat' dir='ltr'>Fallax</span> <span class='ocrx_word' id='word_1_46' title='bbox 769 785 808 816; x_wconf 90' lang='lat' dir='ltr'>et</span> <span class='ocrx_word' id='word_1_47' title='bbox 837 778 961 816; x_wconf 86' lang='lat' dir='ltr'>facilis</span> <span class='ocrx_word' id='word_1_48' title='bbox 991 779 1129 828; x_wconf 89' lang='lat' dir='ltr'>fasque</span> <span class='ocrx_word' id='word_1_49' title='bbox 1159 779 1392 828; x_wconf 89' lang='lat' dir='ltr'>nephasque</span> <span class='ocrx_word' id='word_1_50' title='bbox 1420 778 1553 828; x_wconf 90' lang='lat' dir='ltr'>loqui:</span> 
     </span>
    </p>

    <p class='ocr_par' dir='ltr' id='par_1_10' title="bbox 607 843 1743 892">
     <span class='ocr_line' id='line_1_10' title="bbox 607 843 1743 892; baseline 0 -12"><span class='ocrx_word' id='word_1_51' title='bbox 607 845 863 881; x_wconf 87' lang='lat' dir='ltr'>Fermentum</span> <span class='ocrx_word' id='word_1_52' title='bbox 893 844 1097 882; x_wconf 90' lang='lat' dir='ltr'>modicum</span> <span class='ocrx_word' id='word_1_53' title='bbox 1127 850 1256 882; x_wconf 88' lang='lat' dir='ltr'>toturn</span> <span class='ocrx_word' id='word_1_54' title='bbox 1286 843 1501 892; x_wconf 85' lang='lat' dir='ltr'>corrumpit</span> <span class='ocrx_word' id='word_1_55' title='bbox 1529 855 1716 881; x_wconf 88' lang='lat' dir='ltr'>aceruum</span> <span class='ocrx_word' id='word_1_56' title='bbox 1732 856 1743 890; x_wconf 78' lang='lat'>3</span> 
     </span>
    </p>

    <p class='ocr_par' dir='ltr' id='par_1_11' title="bbox 608 908 1592 959">
     <span class='ocr_line' id='line_1_11' title="bbox 608 908 1592 959; baseline 0.001 -13"><span class='ocrx_word' id='word_1_57' title='bbox 608 911 815 947; x_wconf 75' lang='lat' dir='ltr'>Exacuens</span> <span class='ocrx_word' id='word_1_58' title='bbox 845 917 1021 947; x_wconf 84' lang='lat' dir='ltr'>mentem</span> <span class='ocrx_word' id='word_1_59' title='bbox 1051 910 1204 959; x_wconf 85' lang='lat' dir='ltr'>singula</span> <span class='ocrx_word' id='word_1_60' title='bbox 1234 908 1412 947; x_wconf 89' lang='lat' dir='ltr'>membra</span> <span class='ocrx_word' id='word_1_61' title='bbox 1443 915 1592 947; x_wconf 90' lang='lat' dir='ltr'>mouet.</span> 
     </span>
    </p>

    <p class='ocr_par' dir='ltr' id='par_1_12' title="bbox 608 974 1759 1024">
     <span class='ocr_line' id='line_1_12' title="bbox 608 974 1759 1024; baseline -0.002 -12"><span class='ocrx_word' id='word_1_62' title='bbox 608 975 700 1012; x_wconf 88' lang='lat' dir='ltr'>Non</span> <span class='ocrx_word' id='word_1_63' title='bbox 731 975 851 1012; x_wconf 87' lang='lat' dir='ltr'>nichil</span> <span class='ocrx_word' id='word_1_64' title='bbox 881 982 939 1013; x_wconf 90' lang='lat' dir='ltr'>est</span> <span class='ocrx_word' id='word_1_65' title='bbox 969 975 1079 1024; x_wconf 90' lang='lat' dir='ltr'>quod</span> <span class='ocrx_word' id='word_1_66' title='bbox 1109 987 1197 1013; x_wconf 89' lang='lat' dir='ltr'>eam</span> <span class='ocrx_word' id='word_1_67' title='bbox 1228 975 1375 1024; x_wconf 88' lang='lat' dir='ltr'>duplex</span> <span class='ocrx_word' id='word_1_68' title='bbox 1404 974 1587 1012; x_wconf 90' lang='lat' dir='ltr'>custodia</span> <span class='ocrx_word' id='word_1_69' title='bbox 1616 979 1759 1020; x_wconf 88' lang='lat' dir='ltr'>seruat,</span> 
     </span>
    </p>

    <p class='ocr_par' dir='ltr' id='par_1_13' title="bbox 607 1039 1409 1089">
     <span class='ocr_line' id='line_1_13' title="bbox 607 1039 1409 1089; baseline 0.001 -12"><span class='ocrx_word' id='word_1_70' title='bbox 607 1041 670 1078; x_wconf 94' lang='lat' dir='ltr'>Ne</span> <span class='ocrx_word' id='word_1_71' title='bbox 700 1040 794 1078; x_wconf 86' lang='lat' dir='ltr'>fluat</span> <span class='ocrx_word' id='word_1_72' title='bbox 823 1040 863 1077; x_wconf 90' lang='lat' dir='ltr'>in</span> <span class='ocrx_word' id='word_1_73' title='bbox 892 1039 1021 1078; x_wconf 86' lang='lat' dir='ltr'>verbis</span> <span class='ocrx_word' id='word_1_74' title='bbox 1052 1040 1275 1089; x_wconf 89' lang='lat' dir='ltr'>impetuosa</span> <span class='ocrx_word' id='word_1_75' title='bbox 1304 1040 1409 1078; x_wconf 88' lang='lat' dir='ltr'>suis:</span> 
     </span>
    </p>

    <p class='ocr_par' dir='ltr' id='par_1_14' title="bbox 607 1105 1614 1155">
     <span class='ocr_line' id='line_1_14' title="bbox 607 1105 1614 1155; baseline -0.002 -12"><span class='ocrx_word' id='word_1_76' title='bbox 607 1105 806 1143; x_wconf 86' lang='lat' dir='ltr'>Dentibus</span> <span class='ocrx_word' id='word_1_77' title='bbox 836 1105 1029 1143; x_wconf 85' lang='lat' dir='ltr'>obstruxit</span> <span class='ocrx_word' id='word_1_78' title='bbox 1057 1106 1230 1155; x_wconf 89' lang='lat' dir='ltr'>prudens</span> <span class='ocrx_word' id='word_1_79' title='bbox 1261 1113 1399 1143; x_wconf 90' lang='lat' dir='ltr'>natura</span> <span class='ocrx_word' id='word_1_80' title='bbox 1428 1105 1614 1154; x_wconf 87' lang='lat' dir='ltr'>palatum,</span> 
     </span>
    </p>

    <p class='ocr_par' dir='ltr' id='par_1_15' title="bbox 605 1171 1545 1219">
     <span class='ocr_line' id='line_1_15' title="bbox 605 1171 1545 1219; baseline 0 -11"><span class='ocrx_word' id='word_1_81' title='bbox 605 1172 659 1208; x_wconf 90' lang='lat' dir='ltr'>Vt</span> <span class='ocrx_word' id='word_1_82' title='bbox 688 1172 858 1209; x_wconf 87' lang='lat' dir='ltr'>claustro</span> <span class='ocrx_word' id='word_1_83' title='bbox 888 1171 1064 1209; x_wconf 90' lang='lat' dir='ltr'>residens</span> <span class='ocrx_word' id='word_1_84' title='bbox 1093 1171 1227 1208; x_wconf 89' lang='lat' dir='ltr'>clausa</span> <span class='ocrx_word' id='word_1_85' title='bbox 1256 1171 1369 1209; x_wconf 90' lang='lat' dir='ltr'>silere</span> <span class='ocrx_word' id='word_1_86' title='bbox 1398 1177 1517 1219; x_wconf 82' lang='lat' dir='ltr'>queat</span> <span class='ocrx_word' id='word_1_87' title='bbox 1534 1183 1545 1218; x_wconf 79' lang='lat'>3</span> 
     </span>
    </p>

    <p class='ocr_par' dir='ltr' id='par_1_16' title="bbox 605 1235 1548 1286">
     <span class='ocr_line' id='line_1_16' title="bbox 605 1235 1548 1286; baseline -0.001 -13"><span class='ocrx_word' id='word_1_88' title='bbox 605 1237 713 1274; x_wconf 88' lang='lat' dir='ltr'>Talis</span> <span class='ocrx_word' id='word_1_89' title='bbox 743 1248 829 1274; x_wconf 90' lang='lat' dir='ltr'>eam</span> <span class='ocrx_word' id='word_1_90' title='bbox 860 1243 993 1274; x_wconf 91' lang='lat' dir='ltr'>custos</span> <span class='ocrx_word' id='word_1_91' title='bbox 1023 1236 1190 1274; x_wconf 91' lang='lat' dir='ltr'>stimulis</span> <span class='ocrx_word' id='word_1_92' title='bbox 1221 1237 1384 1286; x_wconf 89' lang='lat' dir='ltr'>castigat</span> <span class='ocrx_word' id='word_1_93' title='bbox 1412 1235 1548 1282; x_wconf 90' lang='lat' dir='ltr'>acutis,</span> 
     </span>
    </p>

    <p class='ocr_par' dir='ltr' id='par_1_17' title="bbox 604 1301 1524 1351">
     <span class='ocr_line' id='line_1_17' title="bbox 604 1301 1524 1351; baseline 0.002 -13"><span class='ocrx_word' id='word_1_94' title='bbox 604 1303 658 1339; x_wconf 74' lang='lat' dir='ltr'>Vt</span> <span class='ocrx_word' id='word_1_95' title='bbox 689 1302 809 1339; x_wconf 88' lang='lat' dir='ltr'>nichil</span> <span class='ocrx_word' id='word_1_96' title='bbox 837 1301 1003 1351; x_wconf 81' lang='lat' dir='ltr'>abrupte</span> <span class='ocrx_word' id='word_1_97' title='bbox 1033 1315 1191 1351; x_wconf 85' lang='lat' dir='ltr'>queque</span> <span class='ocrx_word' id='word_1_98' title='bbox 1221 1303 1384 1340; x_wconf 86' lang='lat' dir='ltr'>licenter</span> <span class='ocrx_word' id='word_1_99' title='bbox 1413 1308 1524 1351; x_wconf 86' lang='lat' dir='ltr'>agat:</span> 
     </span>
    </p>

    <p class='ocr_par' dir='ltr' id='par_1_18' title="bbox 606 1366 1522 1413">
     <span class='ocr_line' id='line_1_18' title="bbox 606 1366 1522 1413; baseline 0 -10"><span class='ocrx_word' id='word_1_100' title='bbox 606 1367 786 1404; x_wconf 82' lang='lat' dir='ltr'>Exterius</span> <span class='ocrx_word' id='word_1_101' title='bbox 817 1367 932 1404; x_wconf 89' lang='lat' dir='ltr'>datur</span> <span class='ocrx_word' id='word_1_102' title='bbox 959 1367 1056 1405; x_wconf 89' lang='lat' dir='ltr'>alter</span> <span class='ocrx_word' id='word_1_103' title='bbox 1085 1368 1119 1405; x_wconf 94' lang='lat' dir='ltr'>ei</span> <span class='ocrx_word' id='word_1_104' title='bbox 1149 1375 1284 1405; x_wconf 89' lang='lat' dir='ltr'>custos</span> <span class='ocrx_word' id='word_1_105' title='bbox 1313 1366 1522 1413; x_wconf 84' lang='lat' dir='ltr'>labiorum,</span> 
     </span>
    </p>

    <p class='ocr_par' dir='ltr' id='par_1_19' title="bbox 604 1432 1470 1481">
     <span class='ocr_line' id='line_1_19' title="bbox 604 1432 1470 1481; baseline 0.002 -12"><span class='ocrx_word' id='word_1_106' title='bbox 604 1433 659 1469; x_wconf 92' lang='lat' dir='ltr'>Vt</span> <span class='ocrx_word' id='word_1_107' title='bbox 688 1432 835 1481; x_wconf 81' lang='lat' dir='ltr'>duplex</span> <span class='ocrx_word' id='word_1_108' title='bbox 864 1433 1012 1481; x_wconf 89' lang='lat' dir='ltr'>duplici</span> <span class='ocrx_word' id='word_1_109' title='bbox 1042 1433 1159 1470; x_wconf 87' lang='lat' dir='ltr'>ianua</span> <span class='ocrx_word' id='word_1_110' title='bbox 1187 1433 1346 1471; x_wconf 89' lang='lat' dir='ltr'>claudat</span> <span class='ocrx_word' id='word_1_111' title='bbox 1376 1433 1470 1471; x_wconf 88' lang='lat' dir='ltr'>iter:</span> 
     </span>
    </p>

    <p class='ocr_par' dir='ltr' id='par_1_20' title="bbox 606 1497 1554 1547">
     <span class='ocr_line' id='line_1_20' title="bbox 606 1497 1554 1547; baseline -0.001 -12"><span class='ocrx_word' id='word_1_112' title='bbox 606 1497 754 1535; x_wconf 88' lang='lat' dir='ltr'>Osseus</span> <span class='ocrx_word' id='word_1_113' title='bbox 784 1497 882 1535; x_wconf 92' lang='lat' dir='ltr'>ordo</span> <span class='ocrx_word' id='word_1_114' title='bbox 912 1498 1016 1546; x_wconf 89' lang='lat' dir='ltr'>prior</span> <span class='ocrx_word' id='word_1_115' title='bbox 1046 1510 1228 1536; x_wconf 87' lang='lat' dir='ltr'>excessus</span> <span class='ocrx_word' id='word_1_116' title='bbox 1258 1498 1424 1547; x_wconf 84' lang='lat' dir='ltr'>corrigit,</span> <span class='ocrx_word' id='word_1_117' title='bbox 1456 1497 1554 1535; x_wconf 88' lang='lat' dir='ltr'>alter</span> 
     </span>
    </p>

    <p class='ocr_par' dir='ltr' id='par_1_21' title="bbox 605 1562 1497 1601">
     <span class='ocr_line' id='line_1_21' title="bbox 605 1562 1497 1601; baseline -0.003 0"><span class='ocrx_word' id='word_1_118' title='bbox 605 1563 783 1601; x_wconf 89' lang='lat' dir='ltr'>Carneus</span> <span class='ocrx_word' id='word_1_119' title='bbox 814 1570 851 1601; x_wconf 90' lang='lat' dir='ltr'>et</span> <span class='ocrx_word' id='word_1_120' title='bbox 881 1564 1065 1601; x_wconf 90' lang='lat' dir='ltr'>madidus</span> <span class='ocrx_word' id='word_1_121' title='bbox 1096 1564 1212 1601; x_wconf 90' lang='lat' dir='ltr'>micia</span> <span class='ocrx_word' id='word_1_122' title='bbox 1241 1562 1362 1601; x_wconf 86' lang='lat' dir='ltr'>verba</span> <span class='ocrx_word' id='word_1_123' title='bbox 1392 1563 1497 1601; x_wconf 89' lang='lat' dir='ltr'>facit.</span> 
     </span>
    </p>

    <p class='ocr_par' dir='ltr' id='par_1_22' title="bbox 606 1627 1696 1678">
     <span class='ocr_line' id='line_1_22' title="bbox 606 1627 1696 1678; baseline -0.001 -13"><span class='ocrx_word' id='word_1_124' title='bbox 606 1629 696 1666; x_wconf 91' lang='lat' dir='ltr'>Hos</span> <span class='ocrx_word' id='word_1_125' title='bbox 725 1635 859 1666; x_wconf 90' lang='lat' dir='ltr'>tamen</span> <span class='ocrx_word' id='word_1_126' title='bbox 889 1629 1059 1678; x_wconf 89' lang='lat' dir='ltr'>erumpit</span> <span class='ocrx_word' id='word_1_127' title='bbox 1087 1629 1216 1666; x_wconf 89' lang='lat' dir='ltr'>aditus</span> <span class='ocrx_word' id='word_1_128' title='bbox 1247 1629 1491 1678; x_wconf 85' lang='lat' dir='ltr'>quandoque</span> <span class='ocrx_word' id='word_1_129' title='bbox 1520 1627 1696 1673; x_wconf 87' lang='lat' dir='ltr'>latenter,</span> 
     </span>
    </p>

    <p class='ocr_par' dir='ltr' id='par_1_23' title="bbox 606 1694 1490 1744">
     <span class='ocr_line' id='line_1_23' title="bbox 606 1694 1490 1744; baseline 0.001 -14"><span class='ocrx_word' id='word_1_130' title='bbox 606 1694 657 1731; x_wconf 90' lang='lat' dir='ltr'>Et</span> <span class='ocrx_word' id='word_1_131' title='bbox 686 1694 761 1731; x_wconf 89' lang='lat' dir='ltr'>ruit</span> <span class='ocrx_word' id='word_1_132' title='bbox 790 1694 830 1731; x_wconf 91' lang='lat' dir='ltr'>in</span> <span class='ocrx_word' id='word_1_133' title='bbox 860 1694 978 1732; x_wconf 86' lang='lat' dir='ltr'>verba</span> <span class='ocrx_word' id='word_1_134' title='bbox 1008 1706 1086 1744; x_wconf 91' lang='lat' dir='ltr'>que</span> <span class='ocrx_word' id='word_1_135' title='bbox 1115 1706 1301 1732; x_wconf 88' lang='lat' dir='ltr'>reuocare</span> <span class='ocrx_word' id='word_1_136' title='bbox 1330 1694 1490 1743; x_wconf 88' lang='lat' dir='ltr'>nequit:</span> 
     </span>
    </p>

    <p class='ocr_par' dir='ltr' id='par_1_24' title="bbox 607 1758 1648 1808">
     <span class='ocr_line' id='line_1_24' title="bbox 607 1758 1648 1808; baseline 0.001 -13"><span class='ocrx_word' id='word_1_137' title='bbox 607 1759 784 1808; x_wconf 86' lang='lat' dir='ltr'>Impetus</span> <span class='ocrx_word' id='word_1_138' title='bbox 815 1759 931 1796; x_wconf 92' lang='lat' dir='ltr'>huius</span> <span class='ocrx_word' id='word_1_139' title='bbox 961 1758 1082 1798; x_wconf 88' lang='lat' dir='ltr'>habet</span> <span class='ocrx_word' id='word_1_140' title='bbox 1111 1772 1240 1797; x_wconf 88' lang='lat' dir='ltr'>rerum</span> <span class='ocrx_word' id='word_1_141' title='bbox 1270 1759 1497 1797; x_wconf 87' lang='lat' dir='ltr'>discrimina</span> <span class='ocrx_word' id='word_1_142' title='bbox 1526 1758 1648 1804; x_wconf 88' lang='lat' dir='ltr'>mille,</span> 
     </span>
    </p>

    <p class='ocr_par' dir='ltr' id='par_1_25' title="bbox 606 1824 1786 1938">
     <span class='ocr_line' id='line_1_25' title="bbox 606 1824 1670 1874; baseline -0.001 -14"><span class='ocrx_word' id='word_1_143' title='bbox 606 1824 696 1871; x_wconf 83' lang='lat' dir='ltr'>Que</span> <span class='ocrx_word' id='word_1_144' title='bbox 725 1824 831 1862; x_wconf 90' lang='lat' dir='ltr'>velut</span> <span class='ocrx_word' id='word_1_145' title='bbox 860 1824 961 1873; x_wconf 88' lang='lat' dir='ltr'>ignis</span> <span class='ocrx_word' id='word_1_146' title='bbox 990 1824 1091 1862; x_wconf 85' lang='lat' dir='ltr'>edax</span> <span class='ocrx_word' id='word_1_147' title='bbox 1119 1836 1306 1874; x_wconf 90' lang='lat' dir='ltr'>prospera</span> <span class='ocrx_word' id='word_1_148' title='bbox 1335 1836 1493 1873; x_wconf 90' lang='lat' dir='ltr'>queque</span> <span class='ocrx_word' id='word_1_149' title='bbox 1522 1828 1670 1860; x_wconf 90' lang='lat' dir='ltr'>vorant.</span> 
     </span>
     <span class='ocr_line' id='line_1_26' title="bbox 660 1887 1786 1938; baseline -0.001 -13"><span class='ocrx_word' id='word_1_150' title='bbox 660 1889 803 1927; x_wconf 88' lang='lat' dir='ltr'>Dicere</span> <span class='ocrx_word' id='word_1_151' title='bbox 832 1889 899 1938; x_wconf 90' lang='lat' dir='ltr'>qui</span> <span class='ocrx_word' id='word_1_152' title='bbox 929 1889 1072 1938; x_wconf 90' lang='lat' dir='ltr'>poterit</span> <span class='ocrx_word' id='word_1_153' title='bbox 1101 1895 1199 1938; x_wconf 91' lang='lat' dir='ltr'>quot</span> <span class='ocrx_word' id='word_1_154' title='bbox 1229 1890 1268 1926; x_wconf 89' lang='lat' dir='ltr'>in</span> <span class='ocrx_word' id='word_1_155' title='bbox 1300 1889 1433 1927; x_wconf 89' lang='lat' dir='ltr'>ethere</span> <span class='ocrx_word' id='word_1_156' title='bbox 1461 1888 1612 1925; x_wconf 89' lang='lat' dir='ltr'>lumina</span> <span class='ocrx_word' id='word_1_157' title='bbox 1640 1887 1786 1934; x_wconf 90' lang='lat' dir='ltr'>lucent,</span> 
     </span>
    </p>

    <p class='ocr_par' dir='ltr' id='par_1_26' title="bbox 605 1952 1610 2003">
     <span class='ocr_line' id='line_1_27' title="bbox 605 1952 1610 2003; baseline -0.001 -12"><span class='ocrx_word' id='word_1_158' title='bbox 605 1955 811 2003; x_wconf 88' lang='lat' dir='ltr'>Paruaque</span> <span class='ocrx_word' id='word_1_159' title='bbox 841 1961 938 2003; x_wconf 91' lang='lat' dir='ltr'>quot</span> <span class='ocrx_word' id='word_1_160' title='bbox 968 1955 1094 1992; x_wconf 91' lang='lat' dir='ltr'>siccus</span> <span class='ocrx_word' id='word_1_161' title='bbox 1124 1967 1289 2003; x_wconf 87' lang='lat' dir='ltr'>corpora</span> <span class='ocrx_word' id='word_1_162' title='bbox 1318 1954 1448 2003; x_wconf 89' lang='lat' dir='ltr'>puluis</span> <span class='ocrx_word' id='word_1_163' title='bbox 1479 1952 1610 1999; x_wconf 89' lang='lat' dir='ltr'>habet,</span> 
     </span>
    </p>

    <p class='ocr_par' dir='ltr' id='par_1_27' title="bbox 604 2018 1714 2069">
     <span class='ocr_line' id='line_1_28' title="bbox 604 2018 1714 2069; baseline 0 -13"><span class='ocrx_word' id='word_1_164' title='bbox 604 2020 681 2056; x_wconf 87' lang='lat' dir='ltr'>Vix</span> <span class='ocrx_word' id='word_1_165' title='bbox 710 2020 802 2057; x_wconf 92' lang='lat' dir='ltr'>satis</span> <span class='ocrx_word' id='word_1_166' title='bbox 832 2026 891 2057; x_wconf 90' lang='lat' dir='ltr'>est</span> <span class='ocrx_word' id='word_1_167' title='bbox 920 2020 1077 2069; x_wconf 89' lang='lat' dir='ltr'>sapiens</span> <span class='ocrx_word' id='word_1_168' title='bbox 1107 2020 1229 2058; x_wconf 89' lang='lat' dir='ltr'>homo</span> <span class='ocrx_word' id='word_1_169' title='bbox 1259 2020 1346 2057; x_wconf 89' lang='lat' dir='ltr'>talis</span> <span class='ocrx_word' id='word_1_170' title='bbox 1376 2025 1415 2057; x_wconf 90' lang='lat' dir='ltr'>vt</span> <span class='ocrx_word' id='word_1_171' title='bbox 1444 2018 1579 2056; x_wconf 90' lang='lat' dir='ltr'>omnia</span> <span class='ocrx_word' id='word_1_172' title='bbox 1608 2018 1714 2056; x_wconf 86' lang='lat' dir='ltr'>dicat</span> 
     </span>
    </p>

    <p class='ocr_par' dir='ltr' id='par_1_28' title="bbox 605 2084 1505 2134">
     <span class='ocr_line' id='line_1_29' title="bbox 605 2084 1505 2134; baseline 0.001 -13"><span class='ocrx_word' id='word_1_173' title='bbox 605 2085 764 2122; x_wconf 84' lang='lat' dir='ltr'>Semina</span> <span class='ocrx_word' id='word_1_174' title='bbox 792 2085 975 2133; x_wconf 88' lang='lat' dir='ltr'>pestifera</span> <span class='ocrx_word' id='word_1_175' title='bbox 1005 2097 1082 2134; x_wconf 89' lang='lat' dir='ltr'>que</span> <span class='ocrx_word' id='word_1_176' title='bbox 1112 2085 1214 2122; x_wconf 88' lang='lat' dir='ltr'>mala</span> <span class='ocrx_word' id='word_1_177' title='bbox 1243 2085 1375 2134; x_wconf 91' lang='lat' dir='ltr'>lingua</span> <span class='ocrx_word' id='word_1_178' title='bbox 1404 2084 1505 2122; x_wconf 90' lang='lat' dir='ltr'>serit.</span> 
     </span>
    </p>

    <p class='ocr_par' dir='ltr' id='par_1_29' title="bbox 606 2147 1730 2199">
     <span class='ocr_line' id='line_1_30' title="bbox 606 2147 1730 2199; baseline -0.001 -12"><span class='ocrx_word' id='word_1_179' title='bbox 606 2150 737 2187; x_wconf 89' lang='lat' dir='ltr'>Nemo</span> <span class='ocrx_word' id='word_1_180' title='bbox 766 2150 907 2188; x_wconf 87' lang='lat' dir='ltr'>referre</span> <span class='ocrx_word' id='word_1_181' title='bbox 936 2156 1066 2198; x_wconf 85' lang='lat' dir='ltr'>potest</span> <span class='ocrx_word' id='word_1_182' title='bbox 1095 2150 1197 2187; x_wconf 89' lang='lat' dir='ltr'>mala</span> <span class='ocrx_word' id='word_1_183' title='bbox 1227 2162 1305 2199; x_wconf 91' lang='lat' dir='ltr'>que</span> <span class='ocrx_word' id='word_1_184' title='bbox 1334 2151 1537 2198; x_wconf 88' lang='lat' dir='ltr'>linguosus</span> <span class='ocrx_word' id='word_1_185' title='bbox 1566 2149 1607 2186; x_wconf 89' lang='lat' dir='ltr'>in</span> <span class='ocrx_word' id='word_1_186' title='bbox 1637 2147 1730 2187; x_wconf 90' lang='lat' dir='ltr'>vrbe</span> 
     </span>
    </p>

    <p class='ocr_par' dir='ltr' id='par_1_30' title="bbox 606 2214 1479 2264">
     <span class='ocr_line' id='line_1_31' title="bbox 606 2214 1479 2264; baseline -0.001 -12"><span class='ocrx_word' id='word_1_187' title='bbox 606 2215 784 2262; x_wconf 88' lang='lat' dir='ltr'>Parturit,</span> <span class='ocrx_word' id='word_1_188' title='bbox 817 2221 855 2252; x_wconf 92' lang='lat' dir='ltr'>et</span> <span class='ocrx_word' id='word_1_189' title='bbox 884 2214 1007 2263; x_wconf 89' lang='lat' dir='ltr'>duplo</span> <span class='ocrx_word' id='word_1_190' title='bbox 1037 2221 1228 2264; x_wconf 90' lang='lat' dir='ltr'>prouocat</span> <span class='ocrx_word' id='word_1_191' title='bbox 1258 2227 1325 2253; x_wconf 91' lang='lat' dir='ltr'>ore</span> <span class='ocrx_word' id='word_1_192' title='bbox 1354 2215 1479 2252; x_wconf 93' lang='lat' dir='ltr'>dolos.</span> 
     </span>
    </p>
   </div>
   <div class='ocr_carea' id='block_1_3' title="bbox 606 2279 1801 2330">
    <p class='ocr_par' dir='ltr' id='par_1_31' title="bbox 606 2279 1801 2330">
     <span class='ocr_line' id='line_1_32' title="bbox 606 2279 1801 2330; baseline -0.002 -11"><span class='ocrx_word' id='word_1_193' title='bbox 606 2281 688 2319; x_wconf 90' lang='lat' dir='ltr'>Res</span> <span class='ocrx_word' id='word_1_194' title='bbox 717 2280 821 2317; x_wconf 89' lang='lat' dir='ltr'>mala</span> <span class='ocrx_word' id='word_1_195' title='bbox 850 2280 983 2330; x_wconf 89' lang='lat' dir='ltr'>lingua</span> <span class='ocrx_word' id='word_1_196' title='bbox 1011 2280 1166 2329; x_wconf 84' lang='lat' dir='ltr'>loquax,</span> <span class='ocrx_word' id='word_1_197' title='bbox 1198 2292 1258 2317; x_wconf 91' lang='lat' dir='ltr'>res</span> <span class='ocrx_word' id='word_1_198' title='bbox 1288 2280 1408 2329; x_wconf 84' lang='lat' dir='ltr'>peior,</span> <span class='ocrx_word' id='word_1_199' title='bbox 1440 2279 1612 2328; x_wconf 88' lang='lat' dir='ltr'>pessima</span> <span class='ocrx_word' id='word_1_200' title='bbox 1640 2291 1700 2317; x_wconf 87' lang='lat' dir='ltr'>res</span> <span class='ocrx_word' id='word_1_201' title='bbox 1731 2286 1801 2325; x_wconf 85' lang='lat' dir='ltr'>est,</span> 
     </span>
    </p>
   </div>
   <div class='ocr_carea' id='block_1_4' title="bbox 606 2345 1773 2916">
    <p class='ocr_par' dir='ltr' id='par_1_32' title="bbox 606 2345 1530 2395">
     <span class='ocr_line' id='line_1_33' title="bbox 606 2345 1530 2395; baseline -0.001 -11"><span class='ocrx_word' id='word_1_202' title='bbox 606 2347 696 2394; x_wconf 85' lang='lat' dir='ltr'>Que</span> <span class='ocrx_word' id='word_1_203' title='bbox 725 2346 907 2395; x_wconf 89' lang='lat' dir='ltr'>quamuis</span> <span class='ocrx_word' id='word_1_204' title='bbox 937 2353 1065 2383; x_wconf 88' lang='lat' dir='ltr'>careat</span> <span class='ocrx_word' id='word_1_205' title='bbox 1095 2345 1262 2391; x_wconf 88' lang='lat' dir='ltr'>ossibus,</span> <span class='ocrx_word' id='word_1_206' title='bbox 1296 2357 1387 2383; x_wconf 90' lang='lat' dir='ltr'>ossa</span> <span class='ocrx_word' id='word_1_207' title='bbox 1417 2345 1530 2383; x_wconf 89' lang='lat' dir='ltr'>terit:</span> 
     </span>
    </p>

    <p class='ocr_par' dir='ltr' id='par_1_33' title="bbox 606 2409 1718 2591">
     <span class='ocr_line' id='line_1_34' title="bbox 606 2409 1718 2460; baseline -0.001 -11"><span class='ocrx_word' id='word_1_208' title='bbox 606 2412 700 2449; x_wconf 92' lang='lat' dir='ltr'>Non</span> <span class='ocrx_word' id='word_1_209' title='bbox 729 2411 840 2449; x_wconf 89' lang='lat' dir='ltr'>locus</span> <span class='ocrx_word' id='word_1_210' title='bbox 870 2418 928 2449; x_wconf 93' lang='lat' dir='ltr'>est</span> <span class='ocrx_word' id='word_1_211' title='bbox 957 2411 1063 2460; x_wconf 84' lang='lat' dir='ltr'>pacis</span> <span class='ocrx_word' id='word_1_212' title='bbox 1094 2409 1158 2448; x_wconf 84' lang='lat' dir='ltr'>vbi</span> <span class='ocrx_word' id='word_1_213' title='bbox 1188 2418 1323 2459; x_wconf 88' lang='lat' dir='ltr'>regnat</span> <span class='ocrx_word' id='word_1_214' title='bbox 1353 2411 1485 2459; x_wconf 87' lang='lat' dir='ltr'>lingua</span> <span class='ocrx_word' id='word_1_215' title='bbox 1514 2410 1718 2459; x_wconf 80' lang='lat' dir='ltr'>loquacis3</span> 
     </span>
     <span class='ocr_line' id='line_1_35' title="bbox 606 2474 1668 2525; baseline 0 -12"><span class='ocrx_word' id='word_1_216' title='bbox 606 2476 687 2525; x_wconf 87' lang='lat' dir='ltr'>Qui</span> <span class='ocrx_word' id='word_1_217' title='bbox 716 2488 790 2514; x_wconf 92' lang='lat' dir='ltr'>nec</span> <span class='ocrx_word' id='word_1_218' title='bbox 819 2475 938 2514; x_wconf 86' lang='lat' dir='ltr'>habet</span> <span class='ocrx_word' id='word_1_219' title='bbox 968 2487 1119 2525; x_wconf 86' lang='lat' dir='ltr'>pacem,</span> <span class='ocrx_word' id='word_1_220' title='bbox 1150 2488 1231 2513; x_wconf 90' lang='lat' dir='ltr'>non</span> <span class='ocrx_word' id='word_1_221' title='bbox 1261 2474 1381 2513; x_wconf 90' lang='lat' dir='ltr'>habet</span> <span class='ocrx_word' id='word_1_222' title='bbox 1410 2475 1494 2524; x_wconf 91' lang='lat' dir='ltr'>ipse</span> <span class='ocrx_word' id='word_1_223' title='bbox 1523 2475 1668 2514; x_wconf 89' lang='lat' dir='ltr'>deum:</span> 
     </span>
     <span class='ocr_line' id='line_1_36' title="bbox 607 2540 1635 2591; baseline 0 -13"><span class='ocrx_word' id='word_1_224' title='bbox 607 2541 686 2590; x_wconf 85' lang='lat' dir='ltr'>Qui</span> <span class='ocrx_word' id='word_1_225' title='bbox 717 2542 802 2579; x_wconf 90' lang='lat' dir='ltr'>sine</span> <span class='ocrx_word' id='word_1_226' title='bbox 830 2554 927 2591; x_wconf 90' lang='lat' dir='ltr'>pace</span> <span class='ocrx_word' id='word_1_227' title='bbox 956 2541 1020 2579; x_wconf 91' lang='lat' dir='ltr'>dei</span> <span class='ocrx_word' id='word_1_228' title='bbox 1050 2541 1260 2587; x_wconf 90' lang='lat' dir='ltr'>discordat,</span> <span class='ocrx_word' id='word_1_229' title='bbox 1292 2540 1438 2579; x_wconf 91' lang='lat' dir='ltr'>habere</span> <span class='ocrx_word' id='word_1_230' title='bbox 1468 2541 1635 2579; x_wconf 87' lang='lat' dir='ltr'>salutem</span> 
     </span>
    </p>

    <p class='ocr_par' dir='ltr' id='par_1_34' title="bbox 606 2605 1664 2787">
     <span class='ocr_line' id='line_1_37' title="bbox 606 2605 1640 2655; baseline -0.002 -10"><span class='ocrx_word' id='word_1_231' title='bbox 606 2607 700 2645; x_wconf 91' lang='lat' dir='ltr'>Non</span> <span class='ocrx_word' id='word_1_232' title='bbox 729 2607 841 2654; x_wconf 88' lang='lat' dir='ltr'>valet,</span> <span class='ocrx_word' id='word_1_233' title='bbox 874 2613 932 2645; x_wconf 89' lang='lat' dir='ltr'>est</span> <span class='ocrx_word' id='word_1_234' title='bbox 961 2614 1000 2645; x_wconf 89' lang='lat' dir='ltr'>et</span> <span class='ocrx_word' id='word_1_235' title='bbox 1029 2618 1128 2655; x_wconf 90' lang='lat' dir='ltr'>opus</span> <span class='ocrx_word' id='word_1_236' title='bbox 1157 2605 1309 2655; x_wconf 90' lang='lat' dir='ltr'>absque</span> <span class='ocrx_word' id='word_1_237' title='bbox 1338 2606 1464 2644; x_wconf 87' lang='lat' dir='ltr'>salute</span> <span class='ocrx_word' id='word_1_238' title='bbox 1494 2606 1640 2644; x_wconf 88' lang='lat' dir='ltr'>nichil:</span> 
     </span>
     <span class='ocr_line' id='line_1_38' title="bbox 606 2671 1664 2722; baseline -0.001 -12"><span class='ocrx_word' id='word_1_239' title='bbox 606 2672 738 2710; x_wconf 91' lang='lat' dir='ltr'>Omne</span> <span class='ocrx_word' id='word_1_240' title='bbox 767 2672 879 2722; x_wconf 92' lang='lat' dir='ltr'>quod</span> <span class='ocrx_word' id='word_1_241' title='bbox 907 2672 1078 2722; x_wconf 89' lang='lat' dir='ltr'>adquirit</span> <span class='ocrx_word' id='word_1_242' title='bbox 1107 2671 1181 2709; x_wconf 87' lang='lat' dir='ltr'>sibi</span> <span class='ocrx_word' id='word_1_243' title='bbox 1210 2683 1295 2720; x_wconf 88' lang='lat' dir='ltr'>pax,</span> <span class='ocrx_word' id='word_1_244' title='bbox 1327 2671 1524 2709; x_wconf 88' lang='lat' dir='ltr'>discordia</span> <span class='ocrx_word' id='word_1_245' title='bbox 1553 2671 1664 2719; x_wconf 91' lang='lat' dir='ltr'>tollit,</span> 
     </span>
     <span class='ocr_line' id='line_1_39' title="bbox 607 2736 1512 2787; baseline 0 -13"><span class='ocrx_word' id='word_1_246' title='bbox 607 2737 811 2787; x_wconf 86' lang='lat' dir='ltr'>Quicquid</span> <span class='ocrx_word' id='word_1_247' title='bbox 840 2744 879 2775; x_wconf 92' lang='lat' dir='ltr'>et</span> <span class='ocrx_word' id='word_1_248' title='bbox 909 2737 983 2775; x_wconf 88' lang='lat' dir='ltr'>ista</span> <span class='ocrx_word' id='word_1_249' title='bbox 1011 2737 1147 2775; x_wconf 85' lang='lat' dir='ltr'>leuans</span> <span class='ocrx_word' id='word_1_250' title='bbox 1177 2736 1299 2785; x_wconf 87' lang='lat' dir='ltr'>erigit,</span> <span class='ocrx_word' id='word_1_251' title='bbox 1331 2736 1397 2773; x_wconf 91' lang='lat' dir='ltr'>illa</span> <span class='ocrx_word' id='word_1_252' title='bbox 1426 2737 1512 2774; x_wconf 91' lang='lat' dir='ltr'>ruit.</span> 
     </span>
    </p>

    <p class='ocr_par' dir='ltr' id='par_1_35' title="bbox 607 2801 1773 2916">
     <span class='ocr_line' id='line_1_40' title="bbox 607 2801 1773 2852; baseline -0.001 -13"><span class='ocrx_word' id='word_1_253' title='bbox 607 2802 678 2840; x_wconf 89' lang='lat' dir='ltr'>Est</span> <span class='ocrx_word' id='word_1_254' title='bbox 707 2801 772 2840; x_wconf 93' lang='lat' dir='ltr'>vbi</span> <span class='ocrx_word' id='word_1_255' title='bbox 802 2809 936 2852; x_wconf 89' lang='lat' dir='ltr'>regnat</span> <span class='ocrx_word' id='word_1_256' title='bbox 964 2815 1075 2840; x_wconf 91' lang='lat' dir='ltr'>amor</span> <span class='ocrx_word' id='word_1_257' title='bbox 1104 2802 1226 2849; x_wconf 89' lang='lat' dir='ltr'>deus;</span> <span class='ocrx_word' id='word_1_258' title='bbox 1265 2808 1322 2839; x_wconf 89' lang='lat' dir='ltr'>est</span> <span class='ocrx_word' id='word_1_259' title='bbox 1352 2801 1417 2839; x_wconf 87' lang='lat' dir='ltr'>vbi</span> <span class='ocrx_word' id='word_1_260' title='bbox 1448 2802 1578 2840; x_wconf 90' lang='lat' dir='ltr'>nullus</span> <span class='ocrx_word' id='word_1_261' title='bbox 1608 2807 1773 2849; x_wconf 88' lang='lat' dir='ltr'>amator,</span> 
     </span>
     <span class='ocr_line' id='line_1_41' title="bbox 609 2866 1469 2916; baseline 0.001 -12"><span class='ocrx_word' id='word_1_262' title='bbox 609 2867 761 2916; x_wconf 86' lang='lat' dir='ltr'>Dirigat</span> <span class='ocrx_word' id='word_1_263' title='bbox 790 2873 830 2905; x_wconf 91' lang='lat' dir='ltr'>vt</span> <span class='ocrx_word' id='word_1_264' title='bbox 858 2879 996 2906; x_wconf 87' lang='lat' dir='ltr'>causas</span> <span class='ocrx_word' id='word_1_265' title='bbox 1026 2867 1150 2905; x_wconf 88' lang='lat' dir='ltr'>nescit</span> <span class='ocrx_word' id='word_1_266' title='bbox 1179 2866 1317 2905; x_wconf 88' lang='lat' dir='ltr'>adesse</span> <span class='ocrx_word' id='word_1_267' title='bbox 1347 2867 1469 2905; x_wconf 87' lang='lat' dir='ltr'>deus:</span> 
     </span>
    </p>
   </div>
   <div class='ocr_carea' id='block_1_5' title="bbox 1904 923 1971 956">
    <p class='ocr_par' dir='ltr' id='par_1_36' title="bbox 1904 923 1971 956">
     <span class='ocr_line' id='line_1_42' title="bbox 1904 923 1971 956; baseline -0.015 -12"><span class='ocrx_word' id='word_1_268' title='bbox 1904 923 1971 956; x_wconf 83' lang='lat'>900</span> 
     </span>
    </p>
   </div>
   <div class='ocr_carea' id='block_1_6' title="bbox 1907 1576 1971 1610">
    <p class='ocr_par' dir='ltr' id='par_1_37' title="bbox 1907 1576 1971 1610">
     <span class='ocr_line' id='line_1_43' title="bbox 1907 1576 1971 1610; baseline -0.016 -12"><span class='ocrx_word' id='word_1_269' title='bbox 1907 1576 1971 1610; x_wconf 84' lang='lat'>910</span> 
     </span>
    </p>
   </div>
   <div class='ocr_carea' id='block_1_7' title="bbox 1898 2228 1965 2262">
    <p class='ocr_par' dir='ltr' id='par_1_38' title="bbox 1898 2228 1965 2262">
     <span class='ocr_line' id='line_1_44' title="bbox 1898 2228 1965 2262; baseline -0.015 -11"><span class='ocrx_word' id='word_1_270' title='bbox 1898 2228 1965 2262; x_wconf 87' lang='lat'>920</span> 
     </span>
    </p>
   </div>
   <div class='ocr_carea' id='block_1_8' title="bbox 1898 2880 1966 2914">
    <p class='ocr_par' dir='ltr' id='par_1_39' title="bbox 1898 2880 1966 2914">
     <span class='ocr_line' id='line_1_45' title="bbox 1898 2880 1966 2914; baseline -0.015 0"><span class='ocrx_word' id='word_1_271' title='bbox 1898 2880 1966 2914; x_wconf 82' lang='lat'>930</span> 
     </span>
    </p>
   </div>
  </div>
 </body>
</html>
