2095 3173
369 217 446 256 188
838 217 966 258 VOX
1007 216 1366 258 CLAMANTIS

478 326 632 363 Horrea
661 324 823 363 formice
853 324 1024 362 tendunt
1053 323 1104 361 ad
1135 324 1266 360 inania
1296 335 1525 372 numquam,

477 391 562 428 Nec
592 402 712 439 vagus
741 390 905 427 amissas
935 389 1051 426 frater
1079 388 1205 426 adibit
1235 400 1358 437 opes:

477 456 739 493 Immemores
769 455 909 491 florum
939 454 1167 503 gestaminis
1196 453 1412 500 anterioris,

477 521 779 568 Contempnunt
809 519 963 568 spinam
993 532 1084 556 cum
1115 519 1293 558 cecidere
1322 531 1434 566 rose3

477 587 541 624 Sic
571 592 609 623 et
638 586 817 624 amicicie
847 586 981 624 fratres
1012 586 1220 624 benefacta
1249 586 1387 635 prioris

479 652 623 689 Diuitis
653 658 878 700 aspernunt,
911 664 1002 689 cum
1033 652 1126 690 dare
1156 652 1266 701 plura
1296 651 1446 701 nequit.

533 717 709 755 Nomine
739 723 830 754 sunt
860 717 1002 766 plures,
1033 717 1148 766 pauci
1178 724 1312 755 tamen
1342 717 1482 755 ordine
1512 716 1678 762 fratres;

479 784 532 820 Vt
561 783 700 820 dicunt
728 783 861 831 aliqui,
895 782 1053 820 Pseudo
1083 783 1292 831 prophetat
1321 781 1386 820 ibi.

479 849 551 886 Est
580 848 699 885 facies
728 848 862 885 tunice
892 860 1049 896 pauper,
1081 854 1157 885 stat
1186 848 1363 897 cistaque
1393 848 1517 894 diues,

480 912 562 952 Sub
592 912 720 951 verbis
751 913 895 951 sanctis
925 913 1052 962 turpia
1081 913 1183 951 facta
1212 913 1358 951 latent:
1780 925 1843 957 790

480 979 543 1017 Sic
573 979 658 1017 sine
687 978 874 1028 pauperie
903 991 1063 1028 pauper,
1094 985 1254 1016 sanctus
1284 979 1369 1016 sine
1399 977 1539 1024 Cristo‚

479 1045 639 1083 Eminet
668 1045 732 1082 ille
763 1044 902 1091 bonus,
934 1045 1001 1094 qui
1032 1044 1209 1082 bonitate
1238 1051 1353 1082 caret.

480 1110 560 1149 Ore
590 1110 710 1148 deum
740 1110 912 1148 clamant
942 1110 1015 1156 isti,
1047 1117 1282 1148 venerantur
1311 1116 1349 1147 et
1378 1121 1517 1147 aurum

481 1176 624 1222 Corde,
657 1175 759 1212 viam
790 1176 901 1213 cuius
932 1175 1107 1225 vndique
1137 1176 1236 1213 scire
1266 1176 1413 1213 volunt.

483 1241 630 1279 Omnia
659 1240 733 1278 sub
764 1240 933 1290 pedibus
963 1241 1112 1279 demon
1142 1240 1310 1279 subiecit
1339 1253 1487 1286 eorum,

484 1307 593 1344 Ficta
622 1314 680 1345 set
709 1307 897 1356 ypocrisis
927 1307 981 1344 nil
1011 1306 1178 1345 retinere
1209 1307 1350 1344 docet:

483 1372 547 1410 Sic
577 1372 780 1410 mundana
808 1379 917 1410 tenet
947 1372 1014 1422 qui
1044 1373 1192 1421 spernit
1222 1373 1261 1409 in
1292 1372 1432 1409 ordine
1462 1370 1668 1416 mundum,

484 1439 593 1475 Dum
623 1438 718 1487 tegit
747 1438 932 1475 hostilem
962 1438 1079 1475 vestis
1110 1438 1230 1476 ouina
1258 1438 1421 1486 l-upum;

485 1503 536 1540 Et
566 1503 622 1540 sic
652 1503 804 1540 ficticiis
833 1502 945 1552 plebs
976 1503 1174 1541 incantata
1203 1502 1357 1552 putabit

485 1569 650 1606 Sanctos
681 1568 859 1615 exterius,
892 1580 991 1617 quos
1021 1568 1136 1606 dolus
1166 1568 1271 1605 intus
1301 1566 1432 1605 habet.
1782 1571 1846 1601 800

484 1634 559 1670 Vix
589 1640 648 1671 est
676 1633 833 1671 alterius
863 1634 1041 1671 fraudem
1071 1634 1139 1683 qui
1168 1633 1326 1682 corripit
1354 1644 1465 1678 vnus,

484 1700 550 1737 Set
580 1699 703 1748 magis
733 1706 772 1736 vt
802 1699 935 1736 fallant
964 1706 1081 1748 auget
1109 1706 1272 1748 vterque
1301 1698 1438 1736 dolos:

486 1765 549 1802 Sic
579 1764 702 1814 magis
733 1764 866 1801 infecti
897 1763 1038 1802 morbo
1068 1764 1263 1801 iactantur
1293 1763 1447 1809 eodem,

487 1830 757 1878 Inficiuntque
787 1830 866 1866 suis
896 1829 1099 1867 fraudibus
1130 1841 1250 1867 omne
1280 1829 1418 1866 solum.

487 1895 735 1944 Comprimat
764 1894 837 1932 hos
867 1895 1054 1932 dominus
1085 1894 1234 1941 saltem,
1267 1906 1368 1943 quos
1398 1893 1510 1931 nouit
1539 1893 1580 1930 in
1610 1892 1684 1930 isto

487 1962 687 2010 Tempore
716 1960 936 2010 primeuam
965 1960 1211 2009 preuaricare
1241 1959 1373 1997 fidem.

488 2027 581 2064 Non
611 2032 704 2075 peto
734 2026 843 2075 quod
872 2025 1035 2074 periant,
1068 2031 1127 2063 set
1156 2025 1266 2062 fracti
1295 2024 1603 2070 consolidentur,

490 2093 540 2129 Et
571 2091 739 2129 subeant
769 2091 940 2141 primum
971 2102 1091 2140 quem
1121 2090 1231 2129 dedit
1262 2090 1361 2128 ordo
1391 2097 1547 2128 statum.

428 2238 506 2273 Hic
524 2239 708 2282 loquitur
721 2237 771 2272 de
784 2237 987 2272 fratribus
1000 2237 1097 2278 iliis,
1117 2237 1185 2280 qui
1199 2238 1367 2280 propter
1383 2235 1506 2270 huius
1523 2235 1664 2268 mundi
1682 2235 1852 2275 famam,

382 2300 424 2333 et
442 2299 492 2332 vt
515 2298 595 2342 ipsi
619 2297 764 2337 eciam,
787 2296 909 2340 quasi
931 2297 983 2330 ab
1006 2296 1164 2330 ordinis
1186 2296 1250 2330 sui
1272 2295 1370 2339 iugo
1397 2294 1588 2338 exempti,
1614 2294 1666 2328 ad
1692 2294 1852 2328 confes·

383 2356 526 2391 siones
545 2356 795 2390 audiendum
813 2355 1026 2399 digniores
1050 2354 1293 2395 efficiantur,
1312 2363 1495 2388 summas
1520 2353 1564 2387 in
1583 2353 1722 2388 studio
1741 2354 1854 2388 scole

385 2415 608 2450 cathedras
628 2414 843 2449 affectant.

208 2500 337 2547 Capm.
360 2496 460 2535 xviii.
548 2497 619 2534 Est
649 2496 716 2545 qui
745 2507 948 2544 precessor
977 2495 1044 2532 fiat
1072 2495 1178 2532 velut
1208 2494 1291 2543 ipse
1321 2493 1508 2540 minister,

497 2562 621 2600 Cuius
651 2562 691 2598 in
722 2561 947 2610 exemplum
979 2560 1129 2599 Cristus
1158 2560 1299 2608 agebat
1329 2559 1461 2596 idem:
1790 2564 1856 2595 810

497 2627 565 2665 Set
594 2627 661 2676 qui
691 2627 928 2675 discipulum
960 2626 1077 2665 Cristi
1106 2637 1148 2663 se
1177 2625 1283 2672 dicit,
1314 2624 1364 2661 ad
1393 2624 1517 2661 altum

498 2691 603 2730 Cum
634 2692 739 2729 venit
769 2692 853 2740 ipse
882 2698 1038 2737 statum,
1071 2703 1151 2727 non
1181 2696 1289 2727 tenet
1320 2689 1412 2726 inde
1442 2689 1618 2727 modum.

499 2757 694 2804 Quamuis
723 2757 832 2805 signa
861 2763 969 2794 tenet
999 2755 1170 2793 mendici
1200 2755 1392 2804 pauperis,
1425 2767 1519 2792 ecce

437 2842 500 2871 799
524 2812 802 2871 putabit'CEHD
850 2832 989 2872 putabat
1007 2831 1096 2863 SGL
1243 2831 1305 2869 807
1332 2835 1473 2870 pereant
1491 2830 1580 2861 CEL
1727 2829 1788 2859 811
1816 2829 1856 2859 ad

393 2883 587 2916 CEHGDL
633 2884 708 2916 etS
