2095 3173
0 650 11 659 ⁴·
48 645 189 702 ‘'Capm.
211 652 301 691 xiiii.

717 271 904 312 LIBER
945 270 1188 313 SEXTUS
1603 284 1683 324 259

268 396 346 431 Hic
375 397 570 440 loquitur,
589 396 697 440 quod
721 396 879 440 absque
902 396 1066 430 iusticie
1090 397 1262 439 experta
1285 405 1414 430 causa
1437 404 1512 429 rex
1527 395 1684 430 bellare

221 465 306 490 non
323 455 458 491 debet.
505 455 614 491 Dicit
629 456 798 500 insuper
815 455 922 499 quod
940 455 1053 498 regie
1071 454 1262 498 congruit
1278 454 1488 497 dignitati,
1506 453 1685 488 discreto

224 514 365 548 tamen
384 515 552 558 prouiso
571 514 783 558 regimine,
800 514 939 558 magis
957 523 1097 548 amore
1115 523 1236 556 quam
1261 512 1525 547 austeritatis
1547 513 1687 556 rigore

226 581 327 607 suos
345 573 533 608 subditos
551 575 750 608 tractare.

386 654 478 691 Alta
506 660 644 703 petens
673 653 804 702 aquila
833 653 938 690 volat
966 652 1058 691 alite
1087 652 1228 690 celsius
1257 652 1376 700 omni,

336 719 386 756 Et
415 731 545 768 regem
576 718 768 756 mundum
799 706 923 756 corde
948 717 1086 766 figurat
1115 729 1171 754 ea.

335 784 388 821 Vt
417 796 525 821 sacra
554 790 746 821 testantur
774 783 997 821 citharistea
1026 782 1168 832 scripta
1197 782 1397 832 prophete,

336 849 384 886 In
412 849 542 886 celum
571 849 666 887 tales
696 861 763 886 cor
791 860 957 897 posuere
985 860 1111 885 suum.

337 915 559 951 Pennatum
589 914 758 962 Griphes
787 914 931 951 animal
961 912 1210 962 pedibusque
1239 913 1437 962 quaternis

339 979 489 1017 Invitos
519 979 700 1016 homines
730 979 852 1028 carpit
881 984 922 1016 et
947 979 1077 1017 horret
1105 990 1252 1027 equos:
1624 991 1690 1023 990

338 1044 576 1093 Designatur
605 1044 643 1081 in
674 1044 750 1081 hoc
780 1044 930 1082 facinus
959 1044 1117 1082 crudele
1146 1046 1365 1092 potentum,

338 1109 418 1157 Qui
448 1116 594 1147 mortes
623 1109 831 1146 hominum
861 1121 952 1147 cum
982 1109 1131 1147 feritate
1161 1114 1308 1146 vorant.

341 1175 412 1212 Est
441 1175 555 1223 igitur
584 1174 722 1212 melius
751 1174 881 1223 aquile
910 1173 980 1212 tibi
1012 1186 1176 1212 sumere·
1193 1174 1370 1220 formam,

340 1240 437 1286 Rex,
467 1246 507 1277 vt
535 1252 668 1277 amore
697 1240 763 1288 pio
793 1251 910 1289 regna
939 1239 1072 1288 quieta
1100 1251 1220 1288 regas,

339 1304 499 1353 Griphis
528 1316 647 1353 quam
676 1304 808 1353 specie
838 1305 1028 1353 populum
1058 1310 1200 1342 terrere
1228 1315 1385 1352 pauore,

338 1369 501 1418 Semper
529 1370 635 1407 enim
664 1376 819 1418 superat
847 1376 933 1407 acta
961 1369 1111 1407 timoris
1140 1380 1261 1406 amor.

395 1434 489 1472 Non
518 1434 646 1472 omnis
676 1434 743 1484 qui
773 1435 884 1473 timet
912 1441 1030 1482 amat,
1063 1441 1121 1472 set
1150 1446 1288 1471 amans
1316 1433 1427 1471 timet
1457 1432 1611 1479 omnis;

341 1498 458 1537 Plebs
488 1499 527 1536 in
556 1511 690 1537 amore
719 1512 884 1537 manens
914 1500 1049 1549 plectit
1077 1505 1287 1548 Vtrumque
1317 1498 1444 1535 simul.

339 1562 486 1602 Omnia
514 1564 633 1602 vincit
662 1577 782 1611 amor,
813 1577 923 1603 amor
951 1570 1010 1603 est
1038 1564 1217 1602 defensio
1246 1563 1356 1613 regis,

340 1628 475 1666 Gloria
503 1628 628 1678 plebis
657 1642 776 1676 amor,
808 1630 891 1667 laus
921 1636 959 1668 et
988 1630 1028 1667 in
1057 1628 1152 1667 orbe
1181 1628 1282 1667 deo:
1612 1642 1695 1664 1000

340 1693 457 1731 Plebs
486 1699 545 1732 est
573 1694 672 1743 regis
701 1706 802 1743 ager,
831 1707 897 1732 rex
925 1695 1051 1732 cultor
1079 1694 1146 1744 qui
1176 1693 1270 1731 colit
1298 1704 1433 1742 agrum
1448 1705 1459 1740 3

342 1758 382 1796 Si
412 1758 523 1805 male,
555 1758 628 1796 fert
656 1758 832 1805 tribulos,
864 1760 894 1797 si
923 1758 1038 1806 bene,
1069 1771 1189 1809 grana
1217 1758 1329 1807 parit.

342 1823 423 1870 Qui
452 1822 556 1861 bene
584 1824 682 1873 regis
712 1824 789 1873 agit
819 1824 1005 1873 regimen,
1036 1837 1102 1862 rex
1131 1830 1200 1870 est,
1232 1829 1290 1861 set
1320 1823 1454 1872 inique

344 1888 425 1936 Qui
454 1888 550 1937 regit
579 1888 618 1925 in
648 1889 768 1935 viciis,
799 1889 882 1937 ipse
910 1889 1086 1926 tirannus
1115 1889 1197 1927 erit.

343 1953 383 1991 Si
412 1965 478 1990 rex
506 1953 558 1991 de
586 1953 716 2002 predis
745 1953 863 2000 viuat,
894 1954 1126 1992 malediccio
1155 1952 1281 2002 plebis

344 2018 579 2064 Murmurat,
610 2024 648 2055 et
678 2019 757 2067 regi
786 2025 894 2056 mota
921 2019 963 2056 fit
992 2019 1047 2056 ira
1075 2019 1150 2057 dei.

346 2084 536 2121 Lucratur
565 2083 754 2131 populum
785 2095 862 2132 que
891 2083 1009 2121 deum
1040 2095 1105 2121 rex
1135 2083 1259 2120 iustus
1288 2087 1508 2131 Vtrumque,

347 2148 510 2196 Statque
539 2159 607 2196 per
636 2147 712 2185 hoc
741 2148 848 2197 regni
879 2148 991 2186 firma
1019 2161 1166 2186 corona
1196 2148 1265 2185 sui.

345 2213 483 2260 Tange
511 2218 621 2249 tuum
652 2219 802 2261 pectus,
832 2213 895 2262 pie
925 2226 999 2260 rex,
1032 2226 1112 2262 quo
1142 2224 1296 2251 sumere
1324 2211 1451 2262 possis

347 2277 467 2326 Regis
495 2277 546 2314 ad
575 2277 781 2326 imperium
811 2290 889 2327 que
917 2279 1079 2316 meliora
1107 2285 1268 2328 parant:
1617 2290 1699 2313 1010

346 2342 387 2380 Si
416 2348 454 2379 te
483 2340 665 2380 nobilitas
693 2354 962 2392 generosaque
991 2343 1153 2381 nomina
1181 2348 1357 2392 tangunt,

349 2407 397 2444 In
427 2419 550 2455 genus
578 2408 801 2456 exemplum
831 2409 887 2447 fer
915 2409 1038 2458 magis
1068 2409 1152 2457 ipse
1180 2415 1316 2446 tuum:

347 2471 521 2509 Nomine
548 2472 755 2520 perspicuo
784 2484 875 2510 cum
905 2473 956 2510 sis
985 2485 1197 2522 generosus
1225 2483 1402 2518 auorum,

348 2535 566 2584 Equipares
596 2536 723 2585 stirpis
752 2536 928 2575 moribus
957 2544 1044 2575 acta
1073 2537 1160 2575 tuis.

348 2601 442 2638 Hoc
472 2600 511 2637 in
541 2601 690 2639 honore
718 2601 781 2639 dei
811 2602 1013 2639 communi
1042 2613 1141 2640 voce
1169 2612 1384 2650 precamur,

349 2664 404 2701 Vt
432 2663 607 2712 gemines
636 2665 756 2702 animi
786 2665 990 2704 nobilitate
1019 2678 1154 2715 genus.

404 2729 498 2765 Pars
528 2728 576 2765 sit
606 2728 645 2765 in
674 2736 834 2777 aspectu
862 2730 934 2768 tibi
964 2742 1084 2780 quem
1114 2730 1211 2768 deus
1241 2728 1486 2779 equiparauit

353 2793 513 2839 Natura,
545 2793 687 2842 precio,
717 2794 954 2833 condicione
982 2795 1065 2844 pari
1077 2810 1092 2846 q:

286 2869 349 2908 987
381 2868 584 2907 cytharistea
606 2867 664 2899 CE
724 2868 917 2900 citheristea
942 2870 972 2900 D
1034 2868 1222 2901 citheristia
1248 2869 1275 2899 L
1419 2879 1484 2909 993
1515 2868 1651 2908 aliquile
1677 2868 1701 2899 S

248 2929 326 2951 1001
352 2920 487 2961 agrum]
504 2919 595 2950 illum
613 2919 639 2951 C

942 2987 1002 3014 S2
