2095 3173
425 242 478 268 22

919 229 1035 269 VOX
1075 229 1405 269 CLAMANTIS

535 337 678 386 Daque
708 336 891 386 magistra
919 342 990 374 tuo
1015 347 1188 385 congrua
1217 334 1336 373 verba
1364 333 1477 373 libro.

535 402 725 451 Sompnia
754 414 844 439 vera
873 401 1048 450 quidem,
1079 412 1248 449 quorum
1279 401 1481 439 sentencia
1509 400 1640 439 cordis

537 467 683 506 Intima
712 465 933 513 conturbat,
965 466 1082 514 plena
1111 466 1251 504 timore
1281 477 1447 504 canam:

470 559 484 571 ⁴
537 533 672 571 Insula
701 543 821 581 quem
853 531 1042 569 Pathmos
1072 531 1244 580 suscepit
1274 532 1314 569 in
1343 531 1585 582 Apocalipsi,

535 598 659 636 Cuius
690 608 763 646 ego
793 608 942 635 nomen
970 602 1094 646 gesto,
1125 596 1317 646 gubernet
1348 609 1458 647 opus.

475 841 552 876 Hic
566 840 755 877 declarat
771 841 815 874 in
826 840 970 885 primis
983 840 1060 876 sub
1074 841 1190 876 cuius
1205 841 1318 885 regis
1335 841 1520 885 imperio,
1535 842 1579 876 in
1597 843 1746 886 quibus
1765 842 1898 878 eciam

429 910 574 935 mense
600 901 642 935 et
668 910 794 941 ann0‚
821 901 906 935 ista
931 900 1012 935 sibi
1037 900 1291 942 accfflencia,
1323 900 1441 935 cuius
1468 902 1592 935 tenor
1622 901 1901 945 subsequitur,

431 959 717 1003 contingebat.
766 958 1039 994 Commendat
1071 959 1253 1003 insuper,
1285 959 1508 993 secundum
1538 959 1638 993 illud
1668 960 1775 1003 quod
1807 970 1901 995 esse

431 1018 611 1060 solebat,
636 1018 900 1053 fertilitatem
927 1018 1040 1053 illius
1070 1019 1181 1053 terre
1210 1017 1283 1052 vbi
1310 1018 1401 1062 ipse
1430 1021 1529 1053 tunc
1559 1018 1712 1059 fuerat,
1738 1019 1780 1052 in
1807 1029 1902 1062 qua,

432 1079 483 1112 vt
508 1077 620 1118 dicit,
647 1077 830 1112 omnium
856 1077 978 1121 quasi
1007 1087 1144 1112 rerum
1171 1076 1316 1112 delicie
1343 1077 1504 1121 pariter
1531 1077 1799 1112 conueniunt.
1849 1078 1902 1112 Et

433 1136 615 1179 loquitur
652 1137 831 1171 vlterius
864 1136 914 1171 de
948 1135 1181 1170 amenitate
1214 1136 1429 1180 temporis,
1462 1145 1629 1171 necnon
1664 1138 1706 1171 et
1738 1136 1789 1171 de
1822 1135 1902 1170 diei

433 1195 678 1236 serenitate,
700 1205 779 1239 que
801 1197 902 1231 tunc
927 1196 1071 1230 tamen
1095 1195 1332 1239 sompnium
1352 1195 1479 1230 nimis
1500 1194 1699 1230 horribile
1716 1194 1902 1240 precede·

434 1255 549 1289 bant

336 1455 468 1502 Cap111.
490 1453 511 1491 i.

922 1334 1086 1382 Incipit
1110 1334 1221 1372 liber
1248 1333 1430 1372 Primus
1439 1361 1451 1372 .

640 1449 849 1502 ontigit*vt
879 1458 1018 1501 quarto
1050 1450 1211 1490 Ricardi
1240 1450 1340 1500 regis
1374 1451 1412 1488 in
1442 1463 1561 1499 anno,

669 1519 777 1556 Dum
807 1518 950 1555 clamat
980 1529 1159 1555 mensem
1191 1517 1329 1554 Iunius
1359 1528 1447 1555 esse
1476 1529 1603 1565 suum,

544 1585 658 1622 Luna
688 1584 823 1633 polum
853 1583 1038 1632 linquens
1067 1582 1142 1620 sub
1172 1582 1295 1620 humo
1325 1594 1396 1620 sua
1425 1582 1576 1621 lumina
1605 1583 1753 1630 condit,

543 1650 722 1699 Sponsus
751 1655 790 1688 et
820 1649 973 1687 Aurore
1003 1648 1160 1686 Lucifer
1189 1654 1296 1686 ortus
1326 1653 1432 1693 erat3

544 1715 673 1765 Surgit
698 1714 748 1753 ab
779 1727 922 1753 occasu
952 1726 1058 1752 noua
1086 1714 1162 1761 lux,
1194 1714 1345 1751 Aurora
1375 1713 1539 1764 refulget

546 1780 664 1819 Orbis
695 1779 745 1818 ab
775 1780 942 1818 occidua
971 1786 1092 1828 parte,
1122 1779 1303 1828 paritque
1333 1778 1439 1816 diem
1456 1792 1466 1826 3

547 1847 655 1884 Luce
686 1846 793 1884 diem
823 1851 975 1894 reparat
1004 1844 1264 1893 mirandaque
1292 1844 1443 1882 lumina
1471 1843 1622 1893 prebet,

548 1913 657 1950 Dum
687 1911 778 1960 fuga
807 1911 874 1949 dat
904 1915 1076 1957 noctem,
1106 1910 1254 1959 luxque
1282 1921 1438 1947 reuersa
1467 1909 1590 1947 diem.

546 1977 663 2016 Clara
692 1988 922 2026 repercusso
951 1974 1158 2014 radiabant
1187 1975 1338 2013 lumina
1368 1974 1520 2022 Phebo,

547 2043 597 2080 Et
627 2042 745 2080 facies
775 2042 848 2080 celi
877 2042 954 2080 leta
982 2041 1132 2079 refulsit
1161 2041 1311 2079 humo:
1871 2056 1910 2078 10

547 2107 765 2157 Splendida
796 2119 912 2145 mane
941 2106 1048 2144 videt
1077 2105 1199 2154 pulsis
1229 2106 1382 2143 Aurora
1411 2104 1599 2152 tenebris,

549 2173 681 2221 Quam
711 2179 893 2222 spectans
922 2172 1085 2210 hilarem
1115 2170 1293 2220 quisquis
1322 2170 1361 2207 in
1392 2170 1488 2209 orbe
1517 2171 1638 2209 colit:

548 2239 769 2288 Purpureas
799 2237 1009 2287 splendore
1039 2237 1140 2274 fores
1169 2242 1208 2274 et
1237 2236 1354 2285 plena
1383 2247 1559 2274 rosarum

549 2305 660 2343 Atria
688 2304 879 2354 glorificat
909 2303 960 2341 de
989 2302 1165 2340 nouitate
1195 2313 1274 2339 sua.

549 2371 600 2409 In
629 2382 744 2408 curru
774 2368 934 2407 Phebus
963 2367 1075 2405 claris
1104 2367 1287 2405 rutilante
1316 2366 1532 2414 smaragdis

551 2436 691 2474 Estuat
721 2435 761 2472 in
792 2434 949 2473 Cancro
979 2432 1153 2471 feruidus
1183 2432 1273 2481 igne
1303 2443 1422 2469 nouo.

550 2501 698 2541 Omnia
726 2499 924 2546 fecundat,
957 2498 1089 2545 nutrit,
1120 2498 1240 2544 fouet,
1271 2502 1398 2546 auget,
1431 2495 1649 2543 habundat,

551 2567 787 2615 Cunctaque
816 2565 999 2611 viuificat,
1030 2575 1108 2613 que
1136 2574 1254 2608 mare,
1286 2569 1386 2600 terra
1414 2568 1533 2599 creat.

553 2632 644 2680 Que
673 2631 813 2670 melius
842 2635 1024 2680 poterant
1052 2634 1194 2667 ornant
1222 2626 1449 2665 redolencia
1478 2639 1647 2674 currum,

486 2739 529 2777 56
553 2737 732 2768 conturbat
749 2736 780 2766 D
829 2734 1034 2767 conturbant
1050 2732 1203 2765 CEGLT
1334 2731 1377 2771 58
1401 2731 1513 2762 Huius
1530 2741 1613 2771 ergo
1632 2731 1692 2761 DL

486 2790 571 2830 Cap.
590 2790 610 2821 i.
636 2788 797 2830 Heading
819 2798 832 2818 1
861 2788 966 2819 eciam
990 2797 1057 2818 om.
1086 2785 1116 2816 D
1261 2793 1282 2823 3
1306 2783 1551 2823 contingebant
1569 2783 1629 2814 DL
1775 2794 1796 2822 4
1820 2788 1911 2814 terre

443 2842 532 2873 illius
549 2842 580 2872 D
668 2850 688 2880 5
713 2840 863 2871 omnium
879 2840 906 2871 E
952 2839 1043 2879 quod
1059 2837 1210 2869 omnium
1227 2835 1384 2868 CGDLT
1464 2845 1481 2874 7
1506 2835 1608 2866 nimis
1625 2835 1787 2868 horribile
1799 2845 1869 2868 om.
1886 2836 1911 2866 L

487 2894 569 2934 Cap.
589 2893 609 2926 i.
629 2903 666 2924 12
683 2893 823 2924 hilarem
843 2892 873 2922 D
918 2891 1071 2922 hillarem
1089 2889 1178 2920 CEL
1316 2898 1356 2928 19
1374 2887 1397 2919 S
1417 2898 1561 2918 resumes
1575 2886 1646 2918 here
