2095 3173
492 229 545 266 68
960 225 1091 266 VOX
1133 223 1493 266 CLAMANTIS

601 336 786 384 Equoree
815 333 1031 370 miscentur
1058 344 1161 381 aque
1190 331 1401 369 celestibus
1430 330 1546 376 auris,

601 400 810 448 Mixtaque
839 411 931 435 cum
960 397 1096 446 pluuia
1125 397 1225 435 salsa
1254 396 1439 434 tumescit
1469 407 1582 444 aqua.

601 466 700 503 Vela
731 464 893 501 madent
925 462 1082 509 nimbis,
1115 468 1342 512 tegumenta
1372 474 1446 500 nec
1475 461 1551 498 vlla
1580 459 1782 508 iuuabant,

601 532 714 568 Vnus
743 537 783 567 vt
814 530 852 566 in
883 529 990 567 sicco
1018 534 1203 578 contegat
1233 528 1326 566 inde
1355 534 1473 577 caput
1489 541 1499 575 ;

601 597 820 644 Pugnaque
849 601 1058 632 ventorum
1088 600 1318 643 spumantes
1349 599 1529 631 mouerat
1559 592 1684 631 vndas

601 660 729 699 Vertit
758 666 796 698 et
826 660 866 696 in
895 659 1010 697 variis
1040 658 1225 697 fluctibus
1255 660 1401 697 Auster
1430 671 1508 696 eas.
1882 662 1968 705 1670

602 727 786 774 Desuper
814 725 947 763 emissi
976 731 1188 762 tenuerunt
1218 737 1366 774 equora
1395 725 1514 771 venti,

603 791 676 829 Est
705 790 758 828 ita
788 790 939 828 naualis
969 790 1101 839 regula
1131 802 1225 828 ceca
1254 790 1378 839 magis
1395 803 1406 838 3

602 856 804 904 Tetraque
833 868 911 893 nox
939 855 1139 904 premitur,
1171 853 1426 904 tenebrisque
1455 854 1649 892 micancia
1677 854 1813 892 lumen

603 921 788 959 Fulmina
817 921 1016 958 fulmineis
1047 920 1203 970 ignibus
1233 920 1317 969 ipsa
1347 920 1508 958 dabant.

604 986 708 1025 Cum
739 998 847 1024 mare
876 985 951 1024 sub
981 993 1141 1024 noctem
1171 985 1333 1023 tumidis
1362 983 1563 1022 albescere
1592 984 1697 1033 cepit

604 1050 822 1098 Fluctibus,
855 1057 893 1089 et
922 1063 1086 1100 preceps
1117 1051 1248 1088 Eurus
1277 1050 1329 1089 ad
1357 1062 1465 1088 arma
1494 1049 1596 1096 furit,

606 1117 765 1155 ‘Ardua
794 1116 872 1154 iam
902 1117 1056 1155 dudum
1085 1116 1272 1154 dimittite
1301 1128 1450 1154 cornua
1479 1114 1616 1161 nauis,'

603 1182 772 1229 Clamat,
806 1184 866 1220 ‘et
895 1183 947 1221 ad
976 1182 1107 1220 velum
1138 1182 1304 1229 currite,’
1333 1189 1461 1220 rector
1491 1181 1555 1219 ait.

604 1248 686 1285 Hic
716 1247 836 1293 iubet,
869 1248 1092 1297 impediunt
1122 1248 1288 1286 aduerse
1317 1247 1422 1285 iussa
1450 1246 1635 1296 procelle,

603 1314 691 1352 Nec
720 1313 847 1363 fragor
875 1314 1058 1351 auditum
1088 1320 1184 1351 tunc
1214 1313 1305 1351 sinit
1335 1324 1422 1351 esse
1452 1311 1568 1349 maris
1585 1325 1596 1359 3
1883 1315 1969 1347 1680

603 1381 754 1428 Sponte
783 1385 916 1417 tamen
946 1386 1158 1429 properant
1187 1379 1253 1417 alii
1283 1378 1508 1416 subducere
1537 1388 1681 1423 remos,

602 1446 696 1482 Pars
727 1444 881 1482 munire
904 1445 1005 1482 latus
1035 1445 1205 1494 quisque
1234 1443 1370 1482 labore
1399 1455 1485 1481 suo.

603 1510 737 1559 Egerit
766 1509 830 1546 hic
860 1510 1002 1547 fluctus
1032 1522 1237 1559 equorque
1266 1508 1439 1547 refundit
1468 1508 1509 1545 in
1541 1519 1675 1556 equor,

603 1576 686 1613 Hic
715 1576 814 1624 rapit
842 1581 1062 1622 antemnas,
1094 1587 1173 1624 que
1202 1575 1287 1612 sine
1316 1575 1402 1623 lege
1431 1579 1598 1623 vagant:

602 1640 713 1678 Bella
741 1646 882 1690 gerunt
910 1641 1017 1678 venti
1047 1641 1224 1689 fretaque
1256 1639 1510 1689 indignancia
1539 1637 1721 1683 miscent,

603 1707 749 1745 Cassus
779 1712 818 1744 et
847 1705 1005 1744 vlterius
1035 1706 1077 1743 fit
1106 1705 1218 1743 labor
1247 1705 1312 1743 ille
1341 1704 1442 1742 viris.

602 1772 732 1809 Tanta
761 1770 854 1808 mali
883 1771 1008 1808 moles
1038 1771 1205 1808 classem
1233 1774 1518 1819 compresserat
1547 1768 1687 1815 audax,

602 1838 639 1873 V
643 1844 656 1873 t
686 1848 821 1874 vecors
850 1837 1028 1873 animum
1058 1836 1160 1874 laxat
1188 1835 1296 1873 abire
1325 1847 1496 1884 vagum3

604 1903 697 1950 Ipse
727 1907 846 1950 pauet
875 1913 949 1939 nec
979 1913 1020 1939 se
1050 1901 1138 1950 quis
1168 1901 1216 1938 sit
1246 1907 1370 1939 status
1399 1900 1484 1949 ipse
1513 1899 1666 1945 fatetur,

604 1968 714 2005 Dum
745 1967 863 2005 timor
891 1979 938 2005 ex
967 1967 1110 2005 mentis
1139 1966 1281 2016 frigore
1310 1965 1431 2004 corda
1459 1966 1574 2015 gelat.
1888 1969 1970 2014 1690

605 2033 766 2082 Quippe
796 2038 939 2070 sonant
968 2032 1141 2070 clamore
1169 2031 1251 2078 viri,
1283 2031 1449 2069 stridore
1477 2031 1677 2078 rudentes,

605 2099 755 2135 Rector
783 2103 822 2134 et
851 2097 891 2133 in
921 2097 1038 2134 remis
1067 2096 1140 2134 fert
1170 2096 1292 2133 nichil
1322 2096 1406 2145 ipse
1435 2096 1572 2145 magis.

606 2162 754 2201 Omnia
783 2168 928 2210 pontus
958 2168 1050 2208 erat,
1081 2162 1243 2199 deerant
1273 2172 1434 2210 quoque
1463 2161 1576 2198 litora
1604 2166 1741 2210 ponto,

607 2227 729 2276 Regis
758 2233 797 2264 et
826 2227 878 2264 ad
907 2226 1050 2264 solium
1080 2226 1153 2264 fert
1182 2238 1252 2263 sua
1280 2233 1456 2264 monstra
1485 2226 1639 2264 fretum.

545 2368 624 2403 Hic
648 2367 751 2402 dicit
777 2367 1003 2402 secundum
1032 2367 1242 2402 visionem
1270 2368 1452 2412 sompnii
1477 2369 1658 2412 qualiter
1683 2370 1808 2404 tanta
1834 2380 1970 2413 super-

498 2427 760 2461 habundauit
801 2427 1048 2470 tempestas,
1086 2425 1195 2469 quod
1229 2426 1279 2460 de
1315 2428 1429 2461 certo
1471 2428 1630 2470 absque
1661 2438 1788 2462 manu
1827 2428 1969 2463 diuina

499 2485 680 2521 remedio
712 2495 858 2520 omnes
885 2485 928 2518 in
961 2484 1074 2519 dicta
1106 2485 1206 2518 naui
1233 2484 1484 2526 hesitarunt‚
1514 2488 1556 2520 et
1584 2486 1702 2520 deum
1735 2497 1860 2531 super
1891 2487 1969 2522 hoc

499 2545 692 2588 precipue
709 2544 881 2587 quilibet
899 2553 1025 2578 sexus
1042 2543 1213 2586 ingenui
1229 2542 1427 2578 deuoeius
1445 2545 1665 2579 exorabat.

331 2626 459 2674 (Iapm.
482 2625 583 2663 xviii.
665 2624 866 2670 Ceruleus,
898 2622 1053 2670 rubeus,
1085 2623 1210 2672 pingit
1237 2623 1418 2672 geminus
1448 2625 1557 2662 color
1585 2625 1735 2672 arcum,

610 2690 660 2726 Et
691 2689 795 2726 furor
825 2688 1005 2727 ethereus
1035 2687 1210 2737 vndique
1240 2700 1396 2737 spersus
1426 2689 1562 2737 adest3

548 2788 632 2826 1669
658 2786 842 2826 pugnaque
871 2786 1017 2817 CEDH2
1064 2786 1273 2825 Pungnaque
1303 2786 1428 2818 SHGT
1614 2789 1698 2828 1675
1723 2789 1871 2821 tumidus
1903 2789 1967 2821 ΕΗ

505 2839 586 2877 1693
611 2843 709 2869 erant
726 2838 787 2868 ΕΙ)

546 2890 629 2930 Cap.
650 2890 743 2922 xviiI.
761 2890 920 2932 Heading
963 2901 982 2922 2
1000 2890 1043 2921 de
1056 2895 1150 2921 certo
1168 2890 1321 2921 remedio
1338 2891 1466 2930 absque
1482 2902 1584 2923 manu
1602 2892 1718 2924 diuina
1735 2893 1866 2924 CEHD
