2095 3173
424 249 504 289 314

136 408 235 448 Opus
252 409 438 439 humanum
452 412 504 440 est

89 453 426 492 inquirerepacemet
434 462 506 492 per-

90 497 188 536 sequi
207 507 292 528 eam.
320 496 396 527 Hoc
415 497 506 527 enim

90 540 299 572 fecerunthii
311 544 381 570 tres
391 551 506 579 proce-

92 595 148 615 res
167 585 210 615 de
226 584 347 624 quibus
365 584 451 614 infra
470 585 508 614 fit

92 628 237 668 mencio,
247 628 302 659 vbi
310 628 396 658 fides
405 628 507 658 inter-

94 672 167 702 fuit.

139 715 237 755 Opus
285 715 409 746 inferni
455 720 507 746 est

92 770 210 799 pacem
224 759 372 798 turbare,
387 760 508 790 iustos-

94 814 161 842 que
179 803 276 842 regni
301 803 504 834 interficere.

903 235 1186 277 CRONICA
1223 235 1610 275 TRIPERTITA

633 344 730 382 ISTA
760 343 959 392 tripertita,
991 341 1167 390 sequitur
1195 353 1283 390 que,
1315 347 1449 379 mente
1478 342 1601 390 perita

579 409 749 448 Cronica
779 414 982 454 seruetur3
1023 419 1115 444 narn
1144 419 1232 455 pars
1262 418 1339 455 que
1368 406 1494 455 prima
1522 407 1677 444 videtur

579 474 651 511 Est
680 485 780 522 opus
810 473 1041 519 humanum,
1072 484 1160 521 pars
1190 471 1254 509 illa
1283 472 1459 509 secunda
1487 472 1737 521 prophanum

581 539 652 576 Est
682 550 781 587 opus
811 537 964 583 inferni,
996 550 1084 586 pars
1113 537 1234 575 tercia
1262 537 1345 575 iure
1375 537 1533 586 superni

580 605 651 641 Est
681 615 781 652 opus
810 603 850 640 in
881 603 1024 642 Cristo.
1081 603 1152 639 Vir
1180 602 1247 652 qui
1279 601 1382 640 bene
1411 603 1530 640 sentit
1559 603 1599 640 in
1629 603 1705 641 isto

580 669 688 707 Scire
716 675 848 718 potest
876 668 984 715 mira,
1017 668 1113 718 quid
1142 680 1253 706 amor
1282 668 1342 714 sit,
1372 668 1469 717 quid
1498 668 1547 706 sit
1576 675 1614 706 et
1644 669 1723 706 ira:

582 735 654 772 Est
682 741 816 772 tamen
845 735 922 772 hoc
952 734 1111 780 clamor,
1144 734 1315 773 ‘Omnia
1344 734 1464 771 vincit
1493 734 1643 772 Amor.'

96 847 174 878 Hoc
191 848 282 877 enim
300 847 468 877 Ricardus
484 845 697 886 capitosus
713 845 831 877 dolosa
847 846 1140 877 circumvencione
1157 844 1269 876 facere
1286 855 1354 875 non
1371 845 1496 875 timuit.

141 890 238 930 Opus
275 891 309 921 in
342 890 454 921 Cristo
491 895 543 921 est
575 890 750 929 deponere
778 890 946 929 superbos
976 890 1018 920 de
1044 890 1127 920 sede
1159 894 1192 919 et
1218 888 1384 919 exaltare
1414 888 1604 920 humiles.

1661 888 1748 920 Hoc
1779 888 1887 920 enim
1915 889 1999 919 deus

96 934 196 972 fecit;
224 935 401 965 odiosum
429 933 640 965 Ricardum
656 934 698 964 de
717 934 812 965 Solio
829 944 892 965 suo
908 933 1061 974 proiecit,
1079 938 1113 964 et
1129 933 1222 974 pium
1240 932 1429 964 Henricum
1447 933 1537 964 omni
1554 933 1742 964 dileccione
1766 933 1998 974 gratissimum

97 989 169 1009 cum
195 978 302 1018 gloria
326 978 500 1009 sublimari
525 977 708 1010 constituit.

141 1273 209 1306 Hic
233 1275 266 1306 in
284 1275 393 1315 prima
414 1279 512 1315 parte

98 1321 232 1350 cronice
273 1320 513 1359 compositor

99 1369 254 1403 tempora
282 1363 511 1402 distinguens,

99 1418 220 1438 causas
246 1407 337 1437 vnde
368 1417 511 1446 regnum

100 1452 162 1481 fuit
204 1451 238 1481 in
277 1461 315 1482 se
353 1451 512 1490 diuisum,

101 1495 318 1534 postmodum
350 1505 412 1534 per
444 1495 512 1526 sin-

100 1539 178 1578 gula
194 1538 362 1570 tractabit.

149 2076 306 2116 Qualiter
329 2076 517 2107 infortuna-

107 2127 160 2152 tus
178 2132 239 2151 rex
258 2121 434 2157 Ricardus,
452 2119 517 2150 vir-

108 2175 184 2204 gam
196 2165 249 2195 dei
267 2175 336 2195 non
349 2169 518 2201 metuens,

107 2211 148 2239 de
164 2208 251 2239 malo
268 2209 301 2238 in
316 2208 413 2248 peius
423 2216 517 2238 suam

107 2262 243 2291 semper
259 2252 426 2283 maliciam
438 2261 516 2282 con-

107 2296 262 2327 tinuauit.

546 2845 648 2876 distin
675 2855 761 2876 uens
785 2846 819 2876 H

546 2856 699 2939 carebit]
718 2908 855 2938 semper
871 2898 958 2929 mala
975 2897 1057 2938 quin
1075 2896 1220 2928 faciebat
1237 2895 1323 2927 HH³
1369 2895 1456 2926 mala
1472 2905 1611 2935 semper
1626 2893 1708 2934 quin
1724 2893 1869 2925 faciebat
1886 2892 1912 2924 C

700 1289 807 1316 OLLE
835 1285 953 1328 caput
978 1279 1128 1326 mundi,
1161 1279 1194 1319 C
1225 1285 1282 1317 ter
1311 1286 1350 1317 et
1381 1291 1448 1317 sex
1476 1279 1596 1317 lustra
1625 1279 1681 1316 fer
1710 1278 1774 1325 illi,

727 1344 778 1382 Et
799 1345 931 1383 decies
962 1345 1139 1395 quinque
1168 1358 1260 1383 cum
1290 1352 1442 1394 septem
1471 1351 1562 1394 post
1592 1356 1708 1394 super
1737 1343 1864 1382 adde:

585 1410 764 1459 Tempus
793 1411 871 1449 tale
899 1417 1005 1457 nota,
1037 1411 1105 1461 qui
1133 1418 1228 1449 tunc
1258 1411 1329 1448 fuit
1359 1410 1502 1460 Anglia
1530 1416 1649 1448 mota.

587 1476 707 1513 Dum
738 1481 829 1513 stat
859 1484 1121 1514 commotus
1152 1477 1386 1514 Ricardus
1415 1487 1573 1514 amore
1601 1482 1823 1521 remotus,

588 1540 835 1589 Principio
865 1541 1011 1590 Regis
1041 1541 1190 1579 oritur
1219 1541 1538 1591 transgressio
1568 1541 1696 1590 legis,

588 1607 694 1655 Quo
722 1607 912 1644 fortuna
941 1607 1068 1645 cadit
1099 1614 1143 1645 et
1172 1607 1337 1644 humus
1367 1607 1641 1656 retrogreda
1670 1605 1812 1644 vadit.

589 1672 843 1720 Quomodo
873 1673 1074 1711 surrexit
1103 1672 1318 1722 populus,
1351 1684 1486 1722 quem
1517 1684 1610 1710 non
1640 1671 1761 1710 bene
1790 1670 1920 1717 rexit,

588 1739 790 1787 Tempus
811 1738 963 1776 adhue
990 1738 1170 1787 plangit
1194 1750 1332 1787 super
1351 1737 1449 1784 hoc,
1473 1737 1599 1787 quod
1625 1737 1813 1775 cronica
1840 1735 2003 1785 tangit.

591 1803 733 1842 Libro
762 1811 979 1848 testante,
1011 1811 1102 1842 stat
1131 1803 1321 1841 cronica
1351 1803 1525 1852 scripta
1554 1815 1636 1852 per
1664 1809 1798 1850 ante3

591 1870 673 1907 Est
701 1869 817 1907 alibi
847 1870 983 1917 dicta,
1017 1869 1187 1907 transit
1216 1880 1301 1906 nec
1329 1867 1386 1906 ab
1415 1881 1524 1906 aure
1553 1868 1744 1907 relicta:
1967 1881 2006 1903 10

592 1936 807 1974 Audistis
837 1936 963 1984 mira,
992 1935 1195 1985 vulgaris
1225 1946 1314 1984 que
1343 1935 1454 1972 tulit
1483 1934 1574 1972 ira:

591 2001 822 2040 Omnibus
852 2002 897 2038 in
926 2002 1053 2039 villis
1084 2001 1239 2038 timuit
1265 2000 1332 2038 vir
1361 2000 1510 2037 iustus
1540 1999 1596 2037 ab
1625 1999 1735 2037 illis.

645 2068 733 2105 Rex
761 2066 988 2105 induratum
1018 2079 1085 2105 cor
1114 2078 1270 2115 semper
1297 2064 1429 2112 habet,
1461 2077 1592 2114 neque
1621 2065 1746 2102 fatum

591 2133 691 2171 Tale
718 2132 969 2170 remordebat
998 2131 1139 2181 ipsum,
1172 2130 1239 2181 qui
1268 2130 1350 2169 iure
1379 2130 1560 2168 carebat:

592 2199 810 2236 Stultorum
838 2196 914 2236 vile
944 2196 1018 2235 sibi
1048 2196 1257 2235 consilium
1287 2195 1460 2234 iuuenile

594 2265 770 2313 Legerat,
802 2269 840 2301 et
870 2270 1018 2300 sectam
1048 2260 1201 2299 senium
1233 2260 1343 2300 dedit
1373 2273 1459 2300 esse
1487 2259 1698 2297 reiectam:

595 2327 773 2367 Consilio
801 2327 992 2365 iuuenum
1021 2326 1234 2376 spirauerat
1263 2325 1327 2364 ille
1350 2338 1560 2371 venenum,

595 2394 689 2442 Quo
718 2393 825 2431 bona
854 2393 1034 2442 predaret
1063 2404 1282 2442 procerum,
1313 2404 1412 2440 quos
1442 2390 1717 2429 mortificaret:

595 2458 660 2498 Sic
688 2459 814 2496 malus
843 2457 927 2508 ipse
956 2457 1067 2495 malis
1096 2456 1261 2504 adhesit,
1293 2455 1428 2506 eisque
1457 2455 1602 2494 sodalis

596 2524 786 2572 Efficitur‚
817 2531 899 2562 tota
928 2522 1027 2574 regis
1055 2521 1200 2573 pietate
1228 2529 1389 2560 remota.
1971 2535 2011 2557 20

589 2637 752 2668 Fames
768 2636 901 2677 margin
921 2635 1110 2677 capitosus]
1126 2634 1317 2666 obstinatus
1335 2633 1384 2664 Hs

588 2690 752 2720 CRONICA
767 2689 1001 2720 TR1PERT1TA.
1044 2687 1110 2719 lee
1127 2686 1229 2718 MSS.
1242 2697 1296 2717 are
1312 2686 1450 2726 SCHG,
1466 2687 1572 2726 assor
1580 2686 1631 2717 tlze
1644 2685 1720 2717 Vox
1733 2685 1930 2724 Clamantis,
1945 2683 2015 2714 and

544 2742 614 2773 also
631 2742 681 2772 tlte
696 2741 855 2772 Bodleian
872 2741 904 2771 M
912 2741 945 2772 S.
966 2741 1094 2771 Ilatlon
1111 2750 1153 2779 92
1171 2738 1259 2780 (He).

592 2804 606 2823 1
634 2795 769 2835 margin
799 2794 839 2824 In
871 2794 934 2824 hac
966 2793 1074 2833 prima
1106 2795 1201 2832 parte
1233 2790 1351 2822 CHHs

887 2846 996 2885 primo
1021 2845 1236 2884 distinguens
1259 2848 1410 2882 tempora
1434 2842 1483 2873 Hs

1499 2801 1519 2821 2
1545 2790 1681 2831 margin
1712 2788 1825 2830 primo
1856 2793 2012 2828 tempora

1661 2851 1699 2880 14
1723 2841 1833 2881 ipsum
1857 2839 1915 2880 qui
1939 2840 2011 2871 iure
