2095 3173
425 243 479 295 58

899 241 1030 283 VOX
1068 241 1430 284 CLAMANTIS

538 357 546 370 ⁶
565 351 651 396 Fer,
680 350 842 401 precor,’
871 351 1010 400 inquit,
1041 353 1195 398 ‘opem‚
1225 355 1441 397 nostroque
1469 347 1630 387 medere
1658 347 1799 394 timori,

538 417 721 467 Egraque
750 429 833 455 sors
863 415 990 464 abeat,
1022 428 1046 453 o
1076 414 1222 453 deusl'
1251 414 1381 452 omnis
1410 413 1476 452 ait.
1812 427 1899 460 1290

538 483 726 520 Rusticus
756 481 947 532 ingenuis,
980 481 1088 518 ‘Stat
1115 491 1259 530 magna
1287 479 1474 528 potencia
1502 477 1642 523 nobis,'

540 547 711 594 Dixerat,
745 550 806 585 ‘et
834 553 962 585 vester
988 545 1179 584 ammodo
1209 551 1335 583 cesset
1362 544 1514 582 honor.'

539 612 576 651 O
605 624 729 661 genus
760 611 973 650 attonitum
1001 611 1131 660 gelide
1160 610 1371 648 formidine
1401 609 1549 654 mortis,

537 678 671 726 Quam
699 677 846 715 variata
874 675 945 715 tibi
975 689 1058 714 sors
1087 676 1199 715 dedit
1228 676 1300 714 ista
1329 675 1445 713 mali!

538 744 610 781 Est
639 743 679 780 in
709 742 900 781 thesauris
930 741 1165 780 abscondita
1193 753 1312 779 causa
1341 741 1544 790 supremis,

537 807 620 846 Cur
648 807 724 845 ruit
752 807 946 856 ingenuos
975 814 1083 845 tanta
1111 806 1283 856 procella
1311 806 1427 844 viros.

590 874 672 910 Pax
701 872 801 922 perit
829 880 949 922 atque
977 872 1101 921 quies,
1131 871 1317 909 animalia
1346 882 1520 921 namque
1549 871 1689 920 pusilla

538 937 744 987 Intrepido
773 937 894 976 corde
923 936 1027 975 bella
1056 936 1263 975 tremenda
1292 936 1443 975 ferunt:

537 1003 629 1051 Que
657 1002 811 1041 fuerant
840 1002 962 1051 prede
991 1014 1127 1052 nuper,
1159 1001 1234 1039 sibi
1263 1013 1427 1050 querere
1455 1000 1597 1050 predas

535 1068 643 1114 Vidi,
673 1074 733 1106 set
761 1068 883 1118 preda
913 1067 1021 1105 nulla
1049 1066 1194 1105 resistit
1222 1066 1289 1104 eis.
1815 1079 1901 1110 1300

536 1134 631 1172 Vidi
660 1146 753 1171 nam
783 1133 934 1171 catulos
965 1132 1152 1170 minimos
1180 1132 1327 1182 agitare
1355 1132 1527 1178 leonem,

538 1200 625 1238 Nec
653 1200 742 1237 loca
771 1204 857 1236 tuta
886 1198 961 1236 sibi
990 1205 1085 1236 tunc
1115 1198 1325 1247 leopardus
1355 1197 1501 1236 habet:

536 1266 688 1314 Aspera
715 1276 808 1313 grex
836 1264 974 1302 ouium
1003 1263 1149 1312 pastori
1178 1275 1326 1301 cornua
1355 1263 1537 1309 tendunt,

536 1330 679 1369 Cordis
709 1335 749 1367 et
779 1330 904 1367 effuso
933 1329 1125 1377 sanguine
1154 1329 1277 1366 tincta
1305 1328 1492 1366 madent:

537 1395 843 1444 Postpositaque
872 1394 951 1432 fide
981 1394 1109 1440 Cristi‚
1141 1392 1376 1431 furientibus
1405 1394 1491 1440 illis,

537 1459 758 1498 Ecclesiam
787 1466 971 1508 reputant
1000 1465 1121 1508 atque
1150 1459 1314 1508 lupanar
1343 1459 1463 1497 idem.

537 1525 694 1563 Perfida
722 1525 892 1563 stulticia
921 1532 1015 1562 tunc
1044 1524 1232 1573 temporis
1262 1536 1382 1562 omne
1411 1524 1580 1574 negauit,

536 1590 660 1639 Quod
689 1596 828 1628 natura
857 1588 931 1628 sibi
961 1589 1022 1627 vel
1051 1590 1149 1628 deus
1178 1590 1262 1639 ipse
1290 1590 1411 1638 petit:

536 1655 631 1694 Non
660 1655 773 1694 timet
801 1655 886 1704 ipsa
914 1655 1035 1693 deum
1062 1666 1193 1704 neque
1222 1654 1362 1692 mundi
1391 1654 1474 1691 iura
1502 1660 1665 1701 veretur,

535 1721 603 1759 Set
632 1720 766 1758 statuit
794 1719 947 1757 licitum
975 1719 1149 1757 criminis
1178 1731 1298 1757 omne
1326 1720 1499 1757 malum:
1813 1733 1899 1766 1310

536 1785 689 1824 Ordine
717 1785 943 1835 retrogrado
971 1785 1029 1822 sic
1058 1784 1225 1834 quilibet
1254 1785 1352 1823 ordo
1382 1784 1553 1832 recessit,

536 1851 622 1889 Nec
651 1858 775 1889 status
804 1851 889 1899 ipse
918 1850 1019 1900 sapit
1048 1850 1145 1899 quid
1174 1850 1223 1888 sit
1252 1849 1399 1888 habere
1427 1857 1584 1888 statum.

590 1916 793 1954 Frumenti
824 1915 954 1965 spicas
983 1915 1151 1954 tribulus
1180 1915 1359 1962 vastauit‚
1391 1921 1430 1953 et
1459 1915 1563 1964 ipsas

535 1982 669 2020 Cardo
699 1982 942 2031 supercreuit
970 1988 1009 2019 et
1037 1981 1196 2019 viciauit
1225 1993 1349 2030 agros.

537 2047 641 2085 Loth
669 2047 835 2096 capitur,
864 2054 997 2097 pastor
1025 2047 1182 2096 rapitur,
1214 2047 1325 2084 locus
1354 2047 1584 2096 expoliatur,

535 2113 587 2150 Et
616 2113 684 2162 qui
714 2119 858 2150 cuncta
886 2112 994 2150 videt
1022 2112 1155 2149 secula
1184 2124 1278 2150 ceca
1307 2112 1411 2150 sinit.

534 2178 652 2214 Tunc
680 2189 752 2226 pro
781 2176 953 2226 peccatis
982 2176 1119 2225 populi
1149 2177 1192 2214 fit
1221 2188 1325 2225 pena
1354 2176 1491 2223 beatis,

534 2242 771 2291 Cunctaque
799 2254 909 2279 sacra
935 2241 1043 2279 furor
1071 2253 1158 2279 esse
1188 2241 1401 2290 nephanda
1429 2249 1564 2290 putat:

535 2306 788 2345 Demonibus
817 2306 1001 2344 homines
1030 2305 1157 2344 subici
1185 2306 1311 2355 culpis
1341 2314 1578 2354 meruerunt,

533 2373 650 2409 Tunc
679 2372 772 2421 quia
801 2384 882 2409 non
911 2371 1117 2409 hominem
1146 2383 1221 2409 nec
1250 2371 1416 2409 timuere
1445 2371 1579 2410 deum.
1815 2388 1899 2419 1320

536 2438 760 2475 Murmurat
789 2449 837 2475 ex
866 2449 977 2475 more
1006 2436 1118 2486 plebs
1147 2436 1328 2485 improba
1357 2436 1477 2486 digna
1506 2438 1653 2485 dolore,

536 2503 719 2539 Murmur
748 2508 787 2540 et
816 2501 856 2539 in
886 2502 1035 2551 populo
1064 2502 1186 2551 iurgia
1215 2501 1338 2539 multa
1367 2509 1526 2540 mouet:

536 2567 627 2605 Iura
656 2567 907 2605 sacerdotum
937 2573 1219 2616 presumentes,
1251 2573 1289 2605 et
1319 2566 1490 2605 honores

535 2633 752 2679 Tollentes,
784 2632 881 2669 iram
910 2643 1181 2670 commeruere
1210 2631 1286 2669 dei.

536 2697 722 2746 Fulgurat
752 2697 915 2735 interius
945 2697 1059 2735 dolor
1086 2696 1203 2734 huius
1233 2695 1389 2735 turbine
1417 2698 1549 2746 pestis,

537 2762 699 2799 Intonat
728 2762 896 2800 exterius
927 2762 1084 2800 horrida
1112 2760 1227 2799 turba
1255 2762 1387 2800 sonis:

534 2827 799 2866 Conclamant
827 2827 937 2874 furie,
969 2827 1181 2877 respondet
1210 2827 1340 2866 flebile
1369 2827 1494 2874 tellus,

749 2903 832 2944 1308
855 2903 949 2935 dedit
967 2903 997 2935 D
1132 2913 1215 2944 1312
1239 2904 1282 2935 sit
1299 2903 1356 2936 (ΣΕ
1402 2903 1464 2936 scit
1481 2904 1578 2936 SHD
