2095 3173
681 239 870 280 LIBER
910 239 1154 281 SEXTUS
1572 243 1652 295 263

297 346 379 385 Sub
408 347 519 385 cuius
548 346 633 396 lege
662 347 845 385 terminat
873 359 993 385 omne
1021 359 1168 396 genus:

298 413 451 450 Doctus
480 417 519 450 et
547 411 741 459 indoctus,
772 424 921 461 pauper
949 424 1026 461 que
1054 417 1195 461 potens
1224 411 1452 458 moriuntur,

298 474 453 513 Omnes
485 474 564 513 fine
593 474 674 523 pari
704 486 809 512 mors
839 474 930 512 facit
959 486 1045 512 esse
1073 486 1196 523 pares

295 540 450 577 Vnccio
480 539 535 576 nil
563 540 666 577 valet
694 539 769 585 hic,
801 539 923 576 nichil
952 539 1016 576 hic
1045 539 1212 588 insignia
1241 551 1369 577 rerum

295 604 432 654 Regia,
463 616 545 642 non
574 609 714 642 sanant
743 615 817 641 nec
846 603 1096 642 medicamen
1124 603 1295 642 habent:

295 669 431 708 Gloria
459 669 567 706 nulla
595 674 725 718 potest
755 668 794 705 in
825 669 964 706 mundi
994 668 1111 706 rebus
1140 667 1287 716 haberi,

295 734 382 772 Nec
411 745 492 783 quo
521 745 563 771 se
591 733 765 771 mundus
793 739 888 771 tunc
918 739 1072 771 tueatur
1100 733 1231 772 habet.
1566 747 1651 780 1130

294 798 415 836 Disce
444 798 554 848 quod
582 798 711 836 omnis
740 798 868 836 honor
897 799 1005 836 oneri
1035 799 1271 837 coniunctus
1300 799 1473 846 adheret,

294 863 366 901 Est
394 875 495 901 onus
524 863 565 901 in
594 863 673 901 fine
698 864 825 900 maius
854 863 1005 902 honore
1036 870 1193 902 tamen:

294 928 398 967 Cum
427 928 550 978 magis
579 929 755 966 excelsus
783 928 911 976 fueris,
943 928 1065 978 magis
1094 929 1198 967 adde
1227 929 1419 975 timorem,

291 993 429 1032 Ardua
457 1006 549 1031 nam
578 1005 742 1043 preceps
769 993 891 1043 gloria
919 994 1025 1032 vadit
1055 994 1136 1032 iter.

294 1060 366 1096 Est
395 1059 566 1097 hominis
595 1059 674 1097 vita
703 1059 814 1108 quasi
844 1058 1007 1097 milicies
1036 1064 1224 1108 reputata,

294 1124 406 1162 Bella
435 1136 552 1174 super
579 1130 722 1162 terram
752 1137 844 1161 nam
873 1124 945 1162 tria
974 1136 1128 1173 semper
1156 1124 1258 1173 agit:

294 1190 382 1227 Rex
411 1189 478 1238 qui
507 1201 576 1239 per
603 1190 781 1227 medium
810 1189 903 1227 belli
931 1189 1111 1227 transibit
1140 1190 1308 1236 inermis,

292 1255 432 1304 Sepius
462 1255 618 1292 incaute
647 1254 807 1292 stulcior
834 1254 918 1303 ipse
947 1255 1062 1293 cadit.

292 1320 330 1358 O
359 1332 435 1367 rex,
466 1332 558 1369 ergo
587 1319 659 1357 tibi
687 1319 792 1358 bene
819 1319 1041 1369 prouideas,
1073 1320 1182 1369 quod
1211 1320 1333 1357 iturus

293 1385 359 1432 Es,
391 1391 449 1423 set
477 1385 544 1423 vbi
574 1385 711 1432 nescis,
743 1385 820 1422 alta
848 1385 910 1423 vel
938 1398 1027 1434 yma
1057 1392 1206 1434 petens.
1565 1400 1648 1431 1140

346 1449 493 1488 Omnia
521 1449 599 1488 leta
628 1450 713 1487 vale
741 1449 813 1487 tibi
843 1456 934 1487 sunt
963 1450 1116 1487 dictura
1145 1455 1358 1496 memento,

292 1514 480 1563 Pauperis
508 1520 547 1552 et
576 1514 675 1563 regis
705 1514 831 1552 exitus
860 1526 959 1552 vnus
988 1515 1083 1562 erit3

292 1579 396 1616 Nam
426 1591 545 1617 nemo
574 1591 643 1628 per
671 1590 713 1616 se
742 1578 963 1626 subsistere,
996 1591 1115 1617 nemo
1145 1591 1373 1628 supremum

292 1643 438 1681 Securo
467 1644 610 1693 poterit
638 1644 822 1682 claudere
851 1644 930 1682 fine
959 1644 1076 1682 diem.

289 1710 344 1747 Vt
371 1716 411 1747 te
440 1709 491 1747 de
519 1709 672 1748 mundo
700 1721 874 1756 moueas,
905 1708 1036 1747 bonus
1066 1721 1152 1748 esse
1180 1710 1306 1747 viator

290 1774 474 1823 Incipias,
506 1774 623 1813 Cristi
651 1780 691 1812 te
720 1786 828 1811 sacra
856 1775 999 1823 scripta
1027 1780 1214 1812 monent:

290 1840 345 1876 Vt
373 1839 497 1888 fugias
527 1839 700 1876 hiemem
730 1839 935 1884 scelerum,
966 1845 1005 1876 te
1034 1838 1195 1876 floribus
1225 1850 1321 1876 orna

290 1905 462 1951 Morum,
494 1904 680 1941 virtutum
709 1904 797 1941 luce
825 1903 1039 1941 choruscus
1068 1915 1147 1941 eas.

289 1970 428 2007 Motus
456 1968 507 2006 ab
537 1968 682 2017 Egipto
711 1967 831 2005 veluti
860 1968 1028 2005 tentoria
1056 1968 1198 2014 tendis,

290 2033 356 2071 Ad
384 2033 546 2082 patriam
577 2032 654 2070 vite
682 2032 778 2070 dum
809 2044 1017 2081 properare
1046 2032 1192 2070 studes.
1560 2048 1646 2080 1150

289 2099 388 2136 Esto
417 2109 569 2135 memor
597 2096 706 2146 quod
735 2097 786 2134 sis
817 2097 941 2134 factus
970 2097 1126 2135 factoris
1155 2109 1319 2146 ymago:

289 2163 399 2202 Cur?
446 2168 485 2200 vt
514 2163 549 2200 ei
579 2162 714 2200 similis
744 2163 826 2199 iure
855 2163 1029 2212 sequaris
1058 2175 1163 2201 eum.

289 2228 459 2278 Expedit
487 2240 578 2277 ergo
607 2227 691 2276 tibi,
723 2228 814 2266 totis
844 2235 884 2265 vt
913 2228 1058 2266 viribus
1089 2228 1211 2274 illum,

289 2294 369 2342 Qui
398 2300 436 2332 te
465 2294 647 2331 formauit
675 2300 794 2342 teque
822 2293 999 2340 redemit,
1031 2306 1150 2332 ames.

287 2360 406 2397 Tanti
435 2359 534 2408 regis
563 2371 691 2408 opem,
723 2371 798 2406 rex,
830 2371 908 2407 ora,
940 2359 1049 2408 quod
1078 2358 1150 2396 tibi
1179 2359 1299 2396 vitam

288 2425 447 2474 Supleat
475 2431 513 2463 et
543 2431 708 2462 mortem
738 2424 889 2462 muniat
918 2425 1001 2473 ipse
1030 2431 1151 2462 tuam.

290 2491 368 2528 Fac
397 2502 444 2528 ea
472 2501 550 2539 que
578 2488 649 2527 tibi
677 2489 745 2535 vis,
779 2489 884 2528 bona
912 2490 972 2527 vel
1002 2489 1115 2535 mala,
1147 2488 1203 2526 sic
1232 2494 1270 2526 et
1299 2487 1475 2534 habebis,

287 2557 348 2594 Te
375 2561 508 2593 tamen
536 2555 576 2592 in
605 2555 744 2593 melius
774 2555 913 2604 dirigat
940 2566 1010 2592 oro
1039 2554 1151 2592 deus.

226 2674 309 2703 1142
333 2670 367 2695 et
395 2664 450 2695 SL
515 2669 551 2695 vt
583 2664 649 2704 (ut)
680 2663 846 2695 CEHGD
948 2664 1031 2701 1148
1055 2662 1243 2692 choruscus
1267 2660 1327 2691 SD
1394 2661 1580 2692 coruschus
1612 2661 1639 2691 E

180 2727 338 2749 coruscus
355 2716 452 2748 CHT
499 2726 656 2748 coruscas
674 2716 702 2747 L
855 2716 940 2755 1156
958 2714 1101 2755 Supleat
1119 2713 1207 2745 SEG
1255 2712 1425 2753 Suppleat
1440 2712 1572 2744 CHDL
