2095 3173
686 211 874 251 LIBER
916 211 1202 260 QUINTUS
1598 223 1676 261 207

320 321 456 358 Artem
488 320 687 369 prevideat
717 332 835 369 quam
867 319 972 368 prius
1002 319 1085 367 ipse
1114 318 1240 356 cadat.

322 386 430 422 Dum
461 386 557 423 freta
586 386 799 423 mitescunt
829 392 866 422 et
896 397 1006 421 amor
1035 384 1131 421 dum
1161 389 1355 432 temporat
1385 394 1510 427 vsum,

321 451 436 487 Tunc
466 451 566 488 inter
596 451 771 488 medium
802 450 850 487 sit
880 449 1105 498 cuperanda
1135 449 1249 486 salus.

321 516 469 553 Vinces
499 516 530 552 si
560 515 694 564 fugias,
727 515 893 552 vinceris
924 514 1035 562 sique
1065 513 1245 561 resista83

323 581 385 618 Ne
415 581 477 618 leo
507 580 683 626 vincaris,
714 587 756 617 tu
786 580 897 628 lepus
926 591 1018 628 ergo
1048 578 1150 628 fuge.

322 646 486 683 Femina
516 657 589 682 nec
619 645 796 682 flammas
827 657 900 682 nec
930 657 1046 681 seuos
1077 644 1210 693 effugit
1239 656 1378 691 arcus;

323 711 415 758 Quo
445 711 568 759 magis
599 716 657 748 est
686 710 839 759 fragilis,
871 709 996 746 acrior
1025 709 1125 758 ignis
1155 709 1253 747 erit:

321 777 454 824 thue
483 776 585 813 viros
615 775 754 813 mulier
783 775 889 821 fallit,
922 775 977 812 sic
1006 775 1062 811 vir
1090 775 1284 821 mulieres,

321 842 429 878 Dum
459 841 643 889 vulpinus
673 853 783 878 amor
812 838 931 877 verba
960 839 1095 888 lupina
1124 840 1239 877 canit.
1615 852 1679 873 220

320 907 470 944 Fallere
500 907 727 944 credentem
758 918 838 943 non
868 912 926 943 est
956 905 1154 942 laudanda
1183 905 1354 953 puellam

320 973 465 1018 Gloria,
499 979 556 1009 set
585 972 681 1009 false
709 971 956 1009 condicionis
987 983 1098 1019 opus.

317 1037 388 1074 Est
417 1049 477 1074 ars
509 1037 615 1073 nulla
645 1036 712 1073 viri
743 1036 909 1074 Veneris
940 1035 1121 1073 subtilior
1149 1042 1244 1082 arte,

324 1103 415 1150 Qua
445 1115 514 1140 sua
544 1102 626 1139 iura
655 1109 762 1151 petat
791 1108 872 1139 arte
902 1101 1121 1150 perhennat
1150 1113 1272 1138 amor.

260 1259 339 1294 Hic
360 1259 541 1302 loquitur
567 1258 689 1301 quod,
706 1258 778 1292 vbi
803 1259 846 1291 in
870 1257 1001 1292 milite
1018 1257 1234 1291 mulierum
1258 1257 1500 1291 dominatur
1526 1257 1682 1290 amoris

213 1319 427 1362 voluptas,
445 1327 609 1352 omnem
626 1317 669 1351 in
687 1327 736 1351 eo
755 1327 858 1351 vere
876 1316 1101 1359 probitatis
1117 1315 1315 1349 miliciam
1335 1315 1556 1358 extinguit.

34 1410 35 1437 1
72 1402 201 1449 (japffl.
225 1400 289 1437 iiii.
377 1399 469 1436 Non
500 1397 574 1435 sibi
603 1398 746 1435 vulnus
775 1397 896 1435 habet
926 1397 1038 1434 miles
1068 1396 1264 1445 probitate
1293 1397 1432 1434 timere

323 1464 523 1513 Corporis,
555 1470 594 1501 vt
624 1463 764 1501 mundi
794 1463 878 1500 laus
909 1463 957 1500 sit
986 1461 1171 1500 habenda
1201 1462 1287 1509 sibi,

321 1530 496 1567 Vulnera
526 1529 596 1566 sed
626 1528 769 1566 mentis
799 1528 946 1575 timeat,
979 1540 1098 1577 quam
1129 1540 1223 1565 ceca
1253 1527 1433 1576 voluptas

321 1595 421 1632 Tela
450 1606 520 1644 per
549 1594 670 1643 ignita
699 1606 781 1631 non
810 1594 1049 1631 medicanda
1078 1594 1174 1631 ferit.

321 1661 496 1698 Vulnera
525 1672 713 1708 corporea
742 1666 941 1706 sanantur,
973 1666 1032 1696 set
1061 1659 1149 1708 quis
1178 1670 1312 1696 amore

324 1728 514 1775 Languet,
545 1738 637 1764 eum
667 1737 808 1763 sanum
838 1737 920 1762 non
950 1724 1141 1762 Galienus
1171 1731 1284 1773 aget:
1621 1738 1683 1768 230

326 1792 536 1830 Femineos
565 1803 694 1829 mores
723 1797 855 1828 teneat
884 1790 915 1827 si
945 1790 1069 1836 miles,
1100 1789 1226 1827 abibit

324 1857 537 1905 Orphanus
566 1868 589 1893 a
617 1856 735 1904 stirpe
764 1855 980 1892 nobilitatis
1011 1855 1148 1891 honor.

323 1922 432 1958 Dum
463 1921 618 1969 sapiens
648 1921 760 1958 miles
790 1919 902 1969 quasi
932 1919 1076 1957 stultus
1106 1925 1145 1956 et
1174 1918 1387 1956 infatuatus

325 1986 472 2023 Incidit
501 1985 541 2022 in
571 1986 756 2034 speciem,
788 1985 892 2022 fama
921 1984 1105 2033 relinquit
1134 1996 1248 2021 eum:

324 2052 432 2088 Dum
462 2051 627 2088 carnalis
656 2063 766 2088 amor
795 2051 972 2088 animum
1002 2056 1111 2088 tenet
1140 2050 1406 2098 illaqueatum,

325 2116 478 2153 Sensati
506 2116 611 2153 racio
640 2116 683 2153 fit
711 2115 879 2153 racionis
909 2127 1051 2165 egens:

325 2182 434 2219 Dum
464 2180 575 2218 iubar
603 2181 766 2218 humani
796 2193 935 2219 sensus
964 2180 1137 2218 fuscatur
1166 2179 1205 2216 in
1235 2178 1376 2217 umbra

325 2246 474 2292 Carnis,
507 2252 546 2284 et
575 2246 615 2283 in
644 2259 802 2284 carnem
833 2259 946 2284 mens
975 2245 1143 2283 racionis
1172 2244 1265 2292 abit,

326 2312 440 2349 Stans
471 2311 642 2349 hominis
671 2312 777 2349 racio
806 2311 955 2349 calcata
984 2323 1053 2360 per
1082 2311 1216 2349 omnia
1246 2309 1354 2347 carni

325 2377 463 2423 Seruit,
494 2383 533 2414 et
561 2377 702 2413 ancille
731 2376 794 2413 vix
824 2383 931 2414 tenet
961 2376 1045 2425 ipsa
1074 2376 1219 2413 locum.
1622 2389 1685 2420 240

381 2442 446 2479 Set
476 2447 607 2479 tamen
637 2441 677 2478 in
706 2442 819 2479 lance
849 2454 930 2479 non
960 2441 1153 2490 ponderat
1183 2439 1369 2477 omnibus
1399 2451 1512 2489 eque,

326 2507 424 2545 Nec
453 2506 520 2544 dat
548 2507 747 2556 condigna
775 2507 924 2556 premia
952 2518 1069 2544 cecus
1098 2517 1231 2543 amor:

327 2571 442 2610 Pellit
470 2570 522 2609 ab
551 2572 681 2609 officio
711 2572 796 2610 sine
824 2584 942 2609 causa
972 2583 1065 2620 sepe
1095 2570 1244 2617 fideles,

35 2635 41 2676 l
328 2635 563 2684 Infidosque
591 2648 663 2674 suo
693 2649 786 2686 sepe
815 2637 882 2674 dat
911 2648 997 2674 esse
1026 2636 1139 2674 loco:

328 2702 510 2749 Denegat
539 2701 622 2749 ipse
653 2701 771 2739 michi
802 2702 953 2739 donum
984 2700 1226 2750 quandoque
1255 2699 1434 2746 merenti,

326 2765 491 2815 Absque
521 2771 616 2803 nota
644 2766 770 2804 meriti
801 2767 910 2816 quod
940 2766 1050 2805 dabit
1079 2766 1163 2814 ipse
1192 2763 1288 2803 tibi:

618 2878 680 2909 213
703 2873 871 2910 temporat
888 2868 980 2901 SGD
1024 2871 1151 2909 tempat
1169 2866 1296 2898 CEHL
