2095 3173
343 234 394 273 14

342 460 461 510 Capm

340 722 460 771 Capm

340 983 469 1032 Capm,

339 1309 468 1360 Capm.

338 1505 468 1556 Capm.

341 1767 460 1817 Capm

340 2210 460 2260 Capm

465 490 472 498 .
496 460 535 499 ii.

878 221 1010 262 ΤνὈΧ
1053 220 1413 263 CLAMANTIS

560 335 762 368 eneruant.
822 329 890 367 Set
909 328 1037 377 primo
1064 328 1169 366 dicet
1192 328 1243 366 de
1270 328 1344 366 illis
1371 328 1439 378 qui
1466 328 1590 379 magis
1615 329 1828 378 practicam
1854 340 1945 366 cum

558 395 719 433 fallaciis
741 395 778 432 in
802 394 895 432 iuris
917 394 1196 431 confusionem
1217 400 1411 431 exercent.

566 461 647 498 Hic
668 460 842 509 loquitur
862 459 913 497 de
938 459 1148 497 causidicis
1175 467 1213 497 et
1239 459 1444 498 aduocatis
1472 460 1558 506 illis,
1586 460 1655 509 qui
1680 460 1854 498 vicinum
1881 471 1947 509 po-

559 526 696 575 pulum
719 525 994 574 depredantes,
1016 536 1063 563 ex
1086 524 1282 574 bonisque
1305 525 1443 563 alienis
1467 525 1590 573 ditati,
1613 525 1848 575 largissimas
1871 524 1947 563 sibi

557 591 828 641 possessiones
842 590 1056 640 adquirunt
1073 606 1079 629 :
1101 590 1152 629 de
1165 590 1310 640 quibus
1330 596 1476 638 tamen,
1493 598 1534 629 vt
1555 591 1708 638 dicitur,
1724 591 1786 629 vix
1801 590 1946 640 gaudet

558 657 701 694 tercius
723 656 847 694 heres.

463 752 471 761 .
493 721 545 760 iii.
577 721 659 760 Hic
679 722 853 771 loquitur
873 721 924 759 de
944 721 1153 760 causidicis
1167 728 1204 760 et
1218 721 1438 760 Aduocatis
1459 722 1544 768 illis,
1563 721 1631 771 qui
1648 728 1798 772 quanto
1813 721 1944 771 plures

490 1506 538 1544 vi.

557 794 648 825 sunt
670 787 709 824 in
732 799 908 834 numero,
931 793 1042 824 tanto
1063 787 1186 836 magis
1206 787 1313 824 lucra
1334 787 1517 825 sicientes
1544 787 1709 836 patriam
1737 787 1943 833 deuorant,

557 858 595 890 et
629 852 722 890 iuris
756 853 889 890 colore
923 851 1082 890 subtilia
1115 852 1346 901 plectentes,
1383 852 1462 889 suis
1496 852 1659 890 cautelis
1689 852 1944 891 innocentem

556 918 749 967 populum
771 917 1051 956 formidantem
1072 917 1298 967 illaqueant.

494 983 557 1020 iiii.
592 983 674 1021 Hic
700 983 874 1032 loquitur
900 983 1066 1032 qualiter
1092 983 1155 1020 isti
1184 982 1374 1021 causidici
1404 988 1443 1021 et
1472 982 1564 1020 iuris
1587 982 1786 1021 Aduocati
1813 983 1853 1020 in
1874 994 1944 1021 sua

554 1049 748 1098 gradatim
767 1049 1028 1087 ascendentes
1049 1048 1244 1095 facultate,
1269 1048 1498 1098 Iudicisque
1518 1048 1735 1097 aspirantes
1757 1049 1943 1096 officium,

555 1114 749 1152 iudicialis
770 1115 857 1152 solii
878 1114 1039 1153 tandem
1060 1126 1253 1152 cacumen
1273 1114 1494 1164 attingunt,
1524 1113 1590 1151 vbi
1611 1114 1722 1162 quasi
1740 1114 1779 1151 in
1802 1114 1947 1153 Cathe-

556 1179 626 1217 dra
659 1180 899 1229 pestelencie
933 1180 1128 1226 sedentes,
1166 1179 1324 1218 maioris
1353 1179 1523 1217 auaricie
1557 1179 1723 1218 cecitate
1755 1179 1941 1229 percussi,

554 1245 698 1294 peioris
719 1257 837 1294 quam
858 1253 975 1283 antea
994 1244 1242 1283 condicionis
1264 1245 1446 1283 existunt.

559 1310 641 1348 Hic
660 1310 835 1359 loquitur
855 1310 967 1360 quasi
990 1322 1059 1359 per
1085 1310 1291 1359 epistolam
1314 1309 1521 1348 Iudicibus
1543 1309 1616 1347 illis
1644 1310 1845 1357 directam,
1875 1311 1942 1360 qui

555 1375 595 1413 in
629 1376 780 1414 caduca
817 1388 976 1413 suarum
1015 1375 1248 1413 diuiciarum
1287 1375 1542 1413 multitudine
1581 1381 1783 1424 sperantes
1822 1375 1941 1414 deum

554 1441 775 1479 adiutorem
796 1454 913 1479 suum
933 1453 1082 1491 ponere
1102 1441 1326 1479 nullatenus
1347 1441 1571 1490 dignantur.

572 1506 654 1544 Hic
681 1507 856 1557 loquitur
884 1507 935 1545 de
963 1519 1092 1545 errore
1112 1506 1415 1553 Vicecomitum‚
1440 1506 1694 1553 Balliuorum,
1718 1518 1876 1545 necnon
1904 1513 1943 1545 et

555 1572 595 1609 in
615 1573 747 1610 assisis
774 1573 1000 1620 iuratorum,
1029 1573 1097 1622 qui
1124 1572 1265 1622 singuli
1286 1584 1381 1610 auro
1403 1571 1591 1610 conducti
1612 1571 1781 1610 diuitum
1802 1584 1940 1610 causas

554 1637 718 1676 iniustas
739 1644 1027 1687 supportantes,
1049 1649 1241 1687 pauperes
1267 1637 1419 1686 absque
1445 1637 1599 1675 iusticia
1624 1637 1943 1687 calumpniantur

556 1708 596 1741 et
617 1703 856 1752 opprimunt.

463 1797 470 1806 .
493 1767 556 1806 vii.
589 1768 671 1805 Hic
691 1768 865 1817 loquitur
884 1768 994 1817 quod
1010 1768 1110 1806 sicut
1126 1767 1309 1806 homines
1329 1779 1415 1806 esse
1431 1779 1548 1817 super
1563 1775 1705 1806 terram
1721 1768 1943 1806 necessario

556 1833 725 1882 expedit,
748 1833 801 1871 ita
820 1833 925 1882 leges
945 1834 996 1871 ad
1017 1845 1155 1871 eorum
1175 1833 1350 1883 regimen
1366 1833 1515 1871 institui
1536 1840 1701 1882 oportet,
1720 1833 1943 1872 dummodo

554 1904 688 1937 tamen
722 1899 818 1948 legis
847 1899 1033 1937 custodes
1066 1911 1203 1938 verum
1237 1911 1260 1936 a
1293 1899 1391 1937 falso
1425 1899 1694 1937 discernentes
1727 1899 1940 1949 vnicuique

554 1964 664 2014 quod
709 1976 825 2002 suum
870 1970 930 2002 est
973 1976 1079 2014 equo
1117 1965 1296 2014 pondere
1333 1963 1579 2003 distribuant.
1641 1965 1704 2002 De
1749 1963 1944 2003 erroribus

554 2036 689 2068 tamen
723 2036 761 2067 et
794 2029 944 2067 iniuriis
982 2030 1106 2068 modo
1143 2029 1466 2080 contingentibus
1506 2029 1783 2068 innocenciam
1822 2030 1943 2080 Regis

555 2094 689 2142 nostri,
711 2094 874 2132 minoris
893 2094 1006 2133 etatis
1027 2107 1155 2142 causa,
1178 2102 1372 2145 quantum
1392 2095 1443 2134 ad
1463 2107 1624 2144 presens
1645 2101 1814 2133 excusat.

462 2240 471 2249 .
493 2210 569 2249 viii.
603 2209 685 2247 Hic
711 2209 887 2259 loquitur
912 2209 1032 2259 quod,
1058 2222 1189 2260 exquo
1215 2222 1356 2249 omnes
1382 2210 1626 2260 quicumque
1650 2211 1790 2249 mundi
1819 2217 1943 2250 status

558 2273 632 2313 sub
659 2275 762 2324 regie
789 2275 1003 2312 maiestatis
1029 2275 1182 2313 iusticia
1211 2275 1475 2322 moderantur,
1505 2275 1676 2313 intendit
1702 2275 1753 2314 ad
1782 2288 1943 2325 presens

556 2340 887 2378 excellentissimo
916 2340 993 2378 iam
1024 2340 1125 2390 Regi
1155 2347 1290 2379 nostro
1319 2340 1521 2390 quandam
1551 2341 1759 2390 epistolam
1789 2341 1830 2379 in
1859 2342 1945 2380 eius

555 2406 707 2443 honore
736 2405 884 2443 editam
911 2405 1081 2444 scribere
1106 2413 1408 2455 consequenter,
1430 2418 1477 2443 ex
1504 2418 1582 2455 qua
1611 2406 1677 2444 ille
1703 2419 1769 2444 rex
1796 2414 1939 2455 noster,

558 2471 627 2520 qui
661 2471 783 2509 modo
817 2471 857 2508 in
892 2483 962 2508 sua
999 2471 1138 2520 puerili
1176 2471 1428 2509 constituitur
1461 2478 1575 2518 etate,
1617 2483 1709 2508 cum
1743 2470 1940 2511 vberiores

556 2543 695 2585 postea
739 2536 950 2585 sumpserit
993 2547 1131 2583 annos,
1172 2536 1301 2585 gracia
1339 2536 1541 2574 mediante
1586 2537 1732 2584 diuina,
1780 2537 1820 2574 in
1862 2538 1942 2576 suis

555 2601 751 2651 regalibus
785 2601 1014 2640 exercendis
1048 2602 1279 2640 euidencius
1314 2602 1537 2640 instruatur.
1595 2603 1647 2640 Et
1685 2603 1813 2652 primo
1846 2603 1942 2642 dicit

521 2680 524 2684 ·
557 2667 678 2716 quod,
719 2667 902 2717 quamuis
941 2667 1078 2717 regalis
1118 2667 1301 2717 potencia
1339 2667 1640 2717 quodammodo
1678 2680 1794 2718 supra
1835 2669 1941 2718 leges

384 2778 406 2810 i.
428 2778 449 2808 6
472 2781 641 2809 enaruant
664 2777 691 2809 C
839 2778 885 2809 iii.
903 2788 924 2817 3
949 2777 1062 2809 colore
1086 2788 1152 2810 om.
1176 2778 1204 2810 C
1359 2779 1414 2811 vii.
1439 2779 1492 2819 5s.
1517 2780 1941 2812 innocenciam-excusat

339 2830 451 2870 nearly
473 2828 588 2860 erased
607 2829 637 2860 G
777 2829 878 2869 Afler
898 2830 980 2871 Cap.
999 2830 1045 2861 vii
1070 2841 1112 2862 no
1134 2835 1226 2872 space
1249 2830 1372 2862 CEGD
1506 2831 1573 2866 viii.
1593 2842 1614 2872 3
1632 2832 1651 2864 f.
1670 2832 1703 2863 in
1721 2831 1792 2863 and
1809 2832 1940 2864 honore

334 2882 447 2924 partly
462 2881 577 2913 erased
590 2881 619 2912 G
