2912 4368
225 1656 227 1673 l

225 1688 226 1697 l

904 825 1089 864 LIBER
1132 823 1432 872 QUARTUS

542 934 612 970 Hii
643 940 731 970 sunt
762 945 860 981 quos
891 933 1062 969 retinens
1092 931 1264 968 mundus
1295 943 1374 967 non
1406 929 1565 975 horruit,
1597 930 1719 966 immo

545 1000 691 1047 Diligit,
726 999 879 1047 hiisque
910 1005 1052 1034 statum
1083 997 1241 1034 tradidit
1273 997 1355 1044 ipse
1385 1008 1525 1033 suum:

542 1066 644 1101 Istos
675 1076 887 1100 conuersos
917 1070 974 1099 set
1005 1074 1209 1110 peruersos
1239 1062 1361 1109 magis
1392 1073 1477 1098 esse

542 1130 719 1174 Constat,
753 1136 790 1165 vt
821 1141 866 1165 ex
897 1128 1006 1164 sactis
1037 1128 1198 1164 nomina
1229 1139 1318 1164 vera
1348 1127 1515 1163 trahant.

542 1195 757 1231 Transtulit
789 1207 809 1230 a
840 1194 917 1230 vite
947 1205 988 1230 se
1018 1193 1167 1241 palmes
1199 1192 1253 1229 sic
1284 1192 1473 1240 pharisea,

542 1260 638 1296 Eius
670 1266 707 1296 et
738 1260 775 1295 in
807 1265 921 1308 gustu
953 1259 1100 1295 fructus
1131 1257 1294 1294 acerbus
1326 1258 1414 1294 olet.
1837 1269 1901 1303 750

478 1392 555 1426 Hic
586 1393 765 1435 loquitur
791 1393 839 1426 de
864 1392 1069 1426 fratribus
1092 1392 1186 1432 illis,
1207 1391 1274 1434 qui
1300 1401 1372 1434 per
1399 1390 1619 1434 ypocrisim
1647 1389 1900 1433 predicando

432 1452 571 1495 populi
611 1453 786 1495 peccata
836 1452 995 1495 publice
1042 1451 1357 1493 redarguentes,
1404 1449 1625 1483 blandiciis
1670 1451 1813 1483 tamen
1860 1450 1901 1482 et

431 1511 720 1554 voluptatibus
748 1510 938 1544 clanculo
965 1509 1216 1543 deseruiunt.

225 1616 226 1622 ,
273 1586 398 1633 (fapffi.
424 1585 509 1622 xvii.

597 1586 771 1622 Seminat
802 1585 989 1633 ypocrisis
1019 1596 1219 1621 sermones
1250 1584 1383 1620 dedita
1414 1582 1547 1628 fratris,

542 1651 684 1687 Messis
716 1657 753 1687 vt
785 1650 876 1687 inde
907 1650 964 1686 sui
995 1656 1142 1686 crescat
1174 1649 1210 1685 in
1243 1648 1337 1685 orhe
1368 1648 1474 1684 lucri.

540 1716 715 1752 Horrida
746 1715 863 1752 verha
893 1721 1014 1760 tonat,
1047 1714 1141 1751 (lum
1174 1713 1330 1762 publica
1361 1725 1429 1761 per
1459 1713 1544 1749 loca
1574 1712 1763 1761 dampnat

541 1781 668 1818 Vsum
701 1780 890 1829 peccandi
923 1792 1058 1817 seruus
1089 1786 1126 1815 vt
1157 1779 1240 1827 ipse
1271 1778 1358 1825 (lei,

542 1846 685 1883 Seruus
715 1853 752 1883 et
782 1852 821 1882 rt
852 1845 1034 1890 Sathane,
1066 1844 1227 1892 priuatis
1258 1856 1346 1879 cum
1379 1843 1549 1880 residere

542 1911 702 1948 Venerit
735 1911 772 1947 in
804 1911 994 1956 thalamis,
1026 1910 1134 1958 glosa
1166 1909 1325 1946 remittit
1356 1909 1440 1954 eis,

542 1977 591 2013 Et
623 1988 722 2024 quos
753 1976 829 2012 alta
860 1976 964 2024 prius
995 1974 1220 2012 stimulabat
1251 1987 1324 2010 vox
1356 1973 1566 2018 reboantis,

542 2043 701 2078 Postera
734 2041 949 2078 blandicies
979 2048 1096 2089 vnget
1127 2040 1165 2076 in
1195 2051 1286 2076 aure
1317 2039 1439 2075 leuis:

542 2108 593 2143 Et
624 2107 678 2143 sic
709 2113 891 2154 peccator
921 2106 1003 2142 aliis
1034 2112 1195 2154 peccata
1225 2104 1429 2149 ministrat,

542 2172 726 2219 Namque
757 2172 895 2209 fouens
926 2171 1069 2207 vicium
1101 2170 1264 2219 percipit
1294 2170 1386 2206 inde
1416 2170 1578 2205 lucrum.
1841 2173 1901 2214 700

541 2238 634 2274 Hoc
665 2237 766 2274 bene
797 2238 867 2274 scit
898 2237 1021 2283 frater,
1054 2244 1259 2284 peccatum
1291 2247 1381 2271 cum
1413 2234 1608 2280 moriatur,

539 2303 654 2339 Tunc
685 2302 848 2339 moritur
877 2302 1027 2338 lucrum
1059 2309 1214 2349 tempus
1246 2301 1283 2336 in
1315 2312 1433 2337 omne
1464 2312 1589 2336 suum.

540 2367 616 2403 Dic
646 2366 710 2403 vbi
742 2374 798 2404 ter
827 2368 956 2404 veniet
985 2367 1110 2412 frater,
1144 2366 1216 2402 nisi
1248 2366 1352 2402 lucra
1382 2372 1562 2413 reportet,

542 2433 611 2469 Est
643 2432 705 2468 vbi
738 2445 819 2468 sors
850 2444 983 2478 vacua,
1017 2445 1096 2468 non
1129 2432 1226 2468 redit
1258 2431 1339 2478 ipse
1370 2431 1441 2467 via.

543 2499 603 2534 I)e
635 2497 902 2533 fundamentis
934 2496 1091 2532 fratrum
1124 2496 1153 2532 si
1184 2496 1347 2532 crimina
1377 2495 1501 2539 tollas,

542 2563 605 2600 Sic
636 2562 777 2599 (lomus
808 2562 884 2598 alta
915 2562 980 2598 diu
1012 2569 1165 2598 corruet
1195 2560 1346 2609 absque
1376 2572 1508 2596 manu.

596 2628 630 2665 O
662 2640 780 2675 quam
812 2627 1001 2675 prophete
1031 2627 1107 2663 iam
1138 2626 1387 2663 verificantur
1417 2625 1522 2663 Osee

543 2694 763 2733 Sermones,
796 2692 862 2740 <lui
894 2693 947 2728 sic
978 2704 1067 2728 vera
1097 2692 1252 2728 locutus
1282 2691 1352 2727 ait:

544 2759 613 2795 ‘In
645 2758 752 2794 terris
784 2758 954 2805 quedam
985 2769 1079 2805 gens
1111 2763 1250 2805 surget,
1283 2768 1360 2804 que
1390 2755 1626 2803 populorum

544 2824 755 2860 Peccatum
786 2823 969 2859 comedet
1000 2830 1035 2859 et
1067 2822 1169 2858 mala
1200 2821 1322 2857 multa
1353 2820 1473 2857 sciet.'
1838 2831 1900 2865 770

546 2889 745 2936 Hancque
775 2888 1027 2936 propheciam
1062 2887 1202 2924 nostris
1232 2886 1385 2923 venisse
1416 2883 1557 2922 diebus

544 2953 763 2999 Cernimus,
795 2960 913 3001 atque
944 2961 1077 2989 notam
1109 2951 1290 2988 fratribus
1321 2950 1413 2987 inde
1443 2951 1595 2995 damus,

544 3019 607 3056 Ad
638 3032 805 3067 quorum
836 3019 993 3064 victum,
1027 3018 1139 3055 fuerit
1169 3018 1482 3065 quodcumque
1513 3026 1721 3060 necesse,

543 3084 633 3120 Sors
665 3084 713 3120 de
743 3085 913 3132 peccatis
944 3096 1062 3120 omne
1093 3083 1285 3119 ministrat
1316 3082 1380 3118 eis.

545 3149 696 3185 llelicie
727 3150 821 3185 tales
852 3162 932 3185 non
964 3157 1064 3194 sunt,
1098 3160 1175 3196 que
1207 3146 1386 3183 fratribus
1417 3158 1560 3191 escam,

543 3214 580 3251 Si
612 3215 856 3251 consessores
886 3215 973 3259 sint,
1006 3213 1220 3262 aliquando
1253 3218 1406 3260 negant.

544 3279 698 3326 Aspicis
729 3287 766 3315 vt
797 3279 959 3315 veniunt
990 3279 1040 3316 ad
1070 3277 1239 3314 candida
1271 3283 1373 3313 tecta
1403 3273 1600 3320 columbe,

545 3344 629 3380 Nec
660 3344 785 3391 capiet
816 3344 910 3380 tales
941 3343 1099 3380 sordida
1129 3342 1241 3379 turris
1270 3353 1389 3377 aues:

544 3409 606 3445 Sic
638 3409 709 3444 nisi
741 3415 968 3456 magnatum
999 3408 1063 3445 dat
1094 3408 1199 3443 curia
1232 3406 1335 3442 nulla
1366 3404 1565 3441 modernis

547 3472 744 3510 fratribus
775 3473 994 3521 hospicium
1026 3485 1105 3521 quo
1136 3482 1336 3509 remanere
1367 3470 1513 3507 volunt.
