2121 3173
470 241 551 280 320

182 413 248 444 Hic
270 414 305 444 in
329 413 398 443 fine
415 422 549 452 compo-

136 457 221 488 sitor
253 463 349 497 gesta
380 457 548 487 dictorum

135 502 236 531 trium
246 511 422 541 procerum
435 500 549 530 lauda-

135 545 247 576 biliter
290 545 549 582 commendans,

137 599 198 627 pro
231 589 281 620 eis
311 589 400 628 apud
427 586 550 618 altissi-

137 643 226 664 mum
244 633 405 664 deuocius
419 635 548 663 exorat.

178 1861 214 1892 In
232 1862 295 1891 hac
308 1859 459 1891 secunda
474 1868 549 1898 par-

135 1910 170 1936 te
209 1905 343 1936 cronice
379 1903 546 1942 composi-

132 1954 185 1980 tor
202 1950 311 1989 primo
328 1958 368 1978 ea
384 1957 451 1986 que
470 1950 547 1986 post

133 1997 300 2032 sequntur
323 1992 481 2022 dolorosa
497 1990 547 2020 in-

135 2036 286 2067 fortunia
303 2035 462 2066 doloroso
474 2044 546 2066 cor-

134 2081 176 2111 de
193 2079 379 2119 deplangit.

181 2377 345 2415 Qualiter,
364 2380 400 2407 vt
414 2375 461 2405 hii
476 2380 548 2406 tres

135 2431 308 2460 proceres,
348 2420 390 2449 de
425 2420 547 2459 quibus

135 2465 286 2499 audistis,
334 2473 409 2493 curn
454 2473 548 2502 rege,

136 2518 236 2546 quem
272 2507 426 2537 dolosum
461 2509 548 2537 scie-

137 2552 228 2589 bant,
255 2560 374 2591 pacem
401 2550 548 2580 securio-

138 2605 208 2625 rem
239 2594 365 2625 habere
393 2598 549 2634 possent,

137 2643 247 2669 cartas
286 2637 467 2668 concordie
507 2637 549 2667 ab

138 2683 215 2720 ipso
253 2681 453 2720 impetratas
492 2690 551 2720 op-

138 2726 325 2756 tinuerunt.

951 229 1234 272 CRONICA
1271 228 1658 271 TRIPERTITA

677 336 790 375 Talia
818 336 995 375 dicentes
1025 343 1117 374 sunt
1145 335 1320 385 vndique
1348 335 1467 373 laude
1495 342 1693 373 canentes.

731 403 779 440 In
810 401 927 441 Cristi
956 401 1068 451 signo
1097 400 1146 438 sit
1175 413 1330 450 semper
1357 399 1479 451 gloria
1509 399 1647 450 Cigno‚

676 468 781 505 Laus
811 474 849 505 et
878 466 919 504 in
948 467 1025 505 hoc
1055 466 1206 504 mundo
1236 465 1286 504 sit
1316 467 1444 516 Equo,
1475 479 1596 515 quem
1626 464 1753 515 signat
1781 464 1962 511 hirundo,

675 533 798 570 Vrsus
829 538 867 569 et
895 545 942 570 ex
971 544 1038 570 ore
1066 531 1203 582 populi
1231 532 1415 582 fungatur
1443 532 1604 569 honore.

679 596 751 634 Hii
781 604 857 635 tres
886 598 1107 647 Anglorum
1136 598 1290 635 fuerant
1319 598 1499 647 exempla
1528 596 1725 634 bonorum
1741 610 1752 643 3

679 663 863 712 Regnum
893 670 1126 713 supportant
1154 662 1363 713 alienaque
1390 663 1568 713 pondera
1595 668 1778 712 portant:

678 728 838 766 Reddat
867 726 922 766 eis
952 741 1096 766 munus
1126 727 1250 766 tribus
1280 735 1338 766 est
1367 727 1435 778 qui
1464 727 1587 766 trinus
1617 734 1656 765 et
1684 739 1794 765 vnus.
1854 727 1995 764 Amen.

896 844 1092 891 Explicit
1120 844 1268 891 prima
1295 844 1413 882 Pars
1435 843 1627 882 Cronice
1658 845 1704 882 et

1099 909 1262 957 Incipit
1289 908 1516 948 Secunda.

613 1110 692 1145 Hic
743 1110 787 1145 in
837 1110 1029 1146 Secunda
1080 1112 1203 1155 parte
1253 1109 1428 1146 Cronice
1481 1109 1670 1146 declarat
1722 1110 1902 1154 qualiter
1952 1120 2040 1152 rex,

567 1170 643 1204 sub
673 1170 822 1204 vmbra
847 1169 943 1204 ficte
977 1169 1200 1204 concordie
1235 1179 1380 1213 pacem
1413 1169 1688 1211 dissimilans,
1722 1171 1812 1203 tres
1845 1178 2041 1213 proceres

566 1228 779 1271 predictos
808 1228 952 1263 dolose
981 1227 1273 1270 circumuenit;
1311 1227 1374 1263 ita
1402 1228 1511 1272 quod
1544 1238 1673 1262 vnum
1708 1238 1761 1262 ex
1793 1227 1891 1262 istis
1928 1226 2040 1270 iugu-

564 1287 660 1327 lari,
690 1287 816 1322 alium
845 1287 1044 1322 decollari
1071 1287 1185 1329 fecit,
1212 1287 1388 1322 tercium
1416 1297 1519 1321 vero
1549 1297 1638 1321 vna
1666 1297 1758 1321 cum
1792 1286 1960 1321 domino
1990 1287 2041 1321 de

566 1345 763 1387 Cobham‚
798 1347 866 1390 qui
899 1347 1019 1389 regni
1050 1356 1178 1381 verus
1211 1345 1372 1381 amicus
1405 1356 1570 1389 semper
1604 1345 1758 1387 extitit,
1792 1346 1837 1379 in
1871 1345 2041 1380 exilium

565 1405 799 1449 mancipari
840 1405 1052 1440 tirannica
1099 1407 1325 1449 potestate,
1377 1405 1644 1448 prothdolor!
1687 1404 1930 1439 destinauit.
1979 1403 2041 1437 In-

566 1474 691 1507 super
724 1466 777 1506 et,
817 1464 924 1508 quod
959 1464 1209 1499 detestabile
1248 1464 1340 1505 fuit,
1374 1463 1481 1498 idem
1521 1463 1832 1498 crudelissimus
1866 1472 1942 1497 rex
1982 1472 2039 1497 re-

564 1523 790 1557 uerendum
824 1523 867 1556 in
902 1521 1042 1557 Cristo
1076 1524 1240 1566 patrem
1272 1522 1476 1556 Thomam
1510 1522 1764 1563 Arundellie,
1797 1523 1897 1556 tune
1939 1520 2039 1555 Can-

564 1581 821 1615 tuariensem
863 1580 1247 1624 Archiepiscopum,
1288 1581 1339 1614 de
1380 1579 1489 1614 Sede
1530 1590 1609 1614 sua
1650 1580 1818 1623 penitus
1861 1579 2038 1623 expulit,

563 1639 818 1683 ipsumque
836 1650 921 1684 pro
939 1641 1171 1684 perpetuo
1189 1639 1238 1673 in
1258 1638 1459 1674 exilium
1477 1638 1701 1682 delegari
1719 1628 2039 1673 crudelissime

567 1698 801 1733 constituit.

729 1779 766 1818 O
795 1789 937 1817 DOLOR
966 1777 1007 1816 in
1036 1785 1180 1826 mente,
1211 1785 1270 1817 set
1297 1779 1532 1828 prothdolor
1559 1791 1627 1817 ore
1655 1779 1870 1828 loquente!

673 1845 849 1894 Heuque
878 1857 966 1883 mee
993 1857 1136 1894 penne,
1167 1843 1337 1882 scribam
1366 1843 1460 1894 quia
1487 1845 1590 1882 facta
1618 1844 1824 1894 gehenne!

674 1909 803 1949 Obice
831 1909 1015 1960 singultu,
1046 1909 1216 1948 lacrimis
1244 1911 1497 1960 pallenteque
1525 1911 1646 1956 vultu,

672 1974 749 2013 Vix
778 1989 868 2013 mea
894 1988 1027 2025 penna
1055 1983 1169 2013 sonat
1196 1973 1271 2013 hec
1300 1988 1378 2025 que
1408 1974 1529 2013 michi
1559 1973 1730 2014 Cronica
1758 1975 1891 2012 donat.

672 2042 728 2078 Vt
755 2040 861 2091 prius
890 2039 1065 2088 audistis,
1097 2040 1152 2078 hii
1180 2048 1268 2088 tres,
1300 2039 1445 2090 quibus
1474 2039 1617 2090 Anglia
1646 2038 1765 2077 tristis

674 2107 768 2144 Plus
797 2107 1025 2152 delectatur,
1056 2105 1179 2155 magis
1208 2106 1281 2143 hos
1311 2107 1468 2143 fortuna
1496 2104 1693 2143 minatur:

675 2172 762 2209 Rex
790 2169 890 2208 facie
918 2169 1012 2208 bina
1040 2171 1166 2217 fallax,
1196 2170 1375 2208 latitante
1403 2170 1527 2217 ruina,

675 2234 823 2275 Omnia
851 2235 1035 2285 fingebat,
1066 2248 1144 2284 que
1173 2236 1291 2273 dolos
1316 2235 1390 2273 sub
1419 2235 1556 2273 fraude
1584 2235 1751 2284 tegebat.

728 2301 795 2339 Ad
823 2301 951 2350 regale
979 2301 1091 2347 latus,
1122 2299 1234 2349 quasi
1262 2301 1378 2338 frater
1406 2307 1444 2338 et
1473 2299 1699 2345 associatus,

675 2365 825 2416 Cignus
855 2373 935 2404 erat
963 2366 1100 2412 factus,
1131 2372 1170 2403 et
1199 2378 1266 2403 eos
1296 2378 1396 2414 quos
1425 2366 1508 2402 vult
1537 2364 1629 2402 facit
1657 2371 1795 2403 actus:
2000 2380 2038 2402 10

674 2431 822 2470 Taliter
851 2439 909 2470 est
938 2439 976 2470 et
1006 2433 1116 2480 Equs
1144 2429 1244 2480 regis
1274 2431 1324 2468 de
1354 2429 1527 2468 carmine
1556 2443 1684 2477 cecus,

675 2498 798 2547 Quod
826 2510 907 2535 non
937 2495 1123 2535 discernit
1152 2509 1198 2533 ea
1230 2508 1307 2545 que
1336 2494 1489 2533 fallacia
1517 2495 1666 2533 cernit:

677 2565 748 2601 Est
776 2562 999 2601 incantatus
1028 2561 1154 2600 eciam
1183 2560 1295 2610 quasi
1324 2560 1597 2610 magnificatus

676 2629 810 2674 Vrsus,
843 2634 881 2665 et
910 2626 1061 2677 ignorat
1091 2627 1222 2672 finem,
1254 2638 1332 2674 qua
1361 2633 1465 2663 sorte
1493 2626 1654 2664 laborat.

679 2695 747 2733 Set
776 2693 899 2744 magis
928 2701 969 2732 vt
997 2693 1070 2732 tuti
1100 2699 1286 2731 maneant
1315 2692 1366 2730 de
1395 2693 1481 2742 lege
1510 2692 1656 2740 statuti,

704 2802 769 2832 213
792 2792 908 2834 laude]
925 2793 1029 2824 verba
1046 2791 1162 2824 CHHa
1293 2800 1358 2830 219
1381 2790 1443 2831 eis]
1463 2791 1494 2821 ei
1514 2790 1547 2822 H

703 2844 863 2885 Heading
882 2855 902 2884 4
927 2844 1004 2875 fecit
1021 2855 1087 2876 om.
1109 2843 1225 2875 CHHs
1359 2844 1379 2873 8
1402 2842 1601 2875 Arundellie
1618 2842 1735 2874 CHHa
1781 2841 1953 2873 Arundel'l'
1970 2842 1992 2872 S

704 2907 724 2935 4
749 2896 878 2938 penna]
896 2897 1012 2936 lingua
1028 2896 1146 2928 CHHa
1281 2904 1318 2935 15
1343 2894 1402 2936 de]
1420 2895 1464 2926 do
1482 2895 1509 2926 C
