2095 3173
417 215 469 253 30
890 200 1020 242 VOX
1061 199 1424 243 CLAMANTIS

527 308 594 347 Nil
624 308 723 358 iuga,
756 308 811 346 nil
840 309 1002 358 torquis,
1034 308 1156 345 nichil
1184 314 1252 346 aut
1281 307 1497 346 retinacula
1526 313 1708 358 prosunt,

527 374 593 412 Nil
623 374 697 412 sibi
728 374 905 423 paxillus,
937 380 1045 412 temo
1074 374 1135 411 vel
1164 386 1260 411 ansa
1290 373 1450 412 iuuant:

527 441 631 478 Vsus
661 439 773 478 abest
802 439 928 486 aratri,
960 445 1072 477 vacat
1102 445 1140 477 et
1170 438 1328 477 dentale
1358 439 1551 486 relictum,

529 507 615 545 Nec
645 518 715 543 sua
745 512 840 543 tunc
869 510 995 543 crates
1024 503 1160 543 debita
1190 505 1288 543 ferre
1317 505 1476 542 sinunt:

527 572 674 611 Currus
704 577 742 609 et
770 570 904 619 auriga
932 577 1099 618 cessant,
1130 576 1338 619 cessatque
1366 576 1532 617 carecta,

528 638 619 686 Que
649 636 770 674 nichil
799 636 959 674 vlterius
990 636 1163 674 vtilitatis
1193 635 1366 674 habent:

530 702 793 752 Agricoleque
822 700 939 740 bonis
969 701 1041 740 iter
1070 714 1191 739 vnum
1222 700 1374 751 legibus
1403 701 1556 751 absque

529 769 681 815 Restat,
711 774 749 805 et
771 767 954 805 indomiti
984 773 1076 805 sunt
1104 767 1272 805 racionis
1301 767 1420 805 idern.

529 833 604 880 Sic,
636 832 877 882 vbieumque
908 832 1028 879 vides,
1061 832 1190 882 campi
1221 833 1372 871 cultore
1402 838 1592 879 carentes,

530 899 742 947 Vastaque,
766 910 845 947 que
874 910 994 936 nemo
1023 897 1219 945 vendicat,
1250 910 1344 935 arua
1374 898 1526 936 iacent:
1835 913 1897 944 290

531 964 753 1013 Expectant
782 963 921 1001 frustra
950 963 1163 1012 promissas
1193 963 1332 1001 horrea
1362 975 1521 1011 messes,

530 1030 677 1067 Annua
707 1029 737 1067 si
767 1028 854 1067 talis
884 1029 1018 1078 regula
1047 1035 1177 1067 seruet
1205 1041 1330 1079 agros.

531 1096 611 1133 Bos
641 1095 715 1142 leo,
747 1093 820 1132 bos
850 1094 1007 1144 pardus,
1039 1093 1112 1132 bos
1141 1107 1263 1141 vrsus,
1296 1101 1354 1133 set
1384 1094 1499 1133 bouis
1529 1093 1660 1144 ipsum

532 1160 700 1199 Constat
729 1166 910 1197 naturam
939 1171 1021 1197 non
1051 1159 1281 1198 meminisse
1310 1172 1434 1198 suam.

531 1226 594 1263 Sic
624 1237 697 1275 ego
727 1225 932 1274 pestiferos
962 1237 1088 1263 errare
1117 1224 1243 1264 boues
1273 1226 1365 1275 quia
1395 1225 1474 1264 vidi

533 1290 758 1329 Indomitos
788 1291 909 1337 sulco,
941 1302 1054 1328 mens
1085 1303 1174 1329 mea
1203 1298 1311 1329 mota
1341 1291 1423 1329 fuit.

533 1355 748 1394 Prodolor!
788 1358 836 1394 o!
875 1355 966 1402 dixi,
999 1355 1169 1394 cessabit
1198 1357 1326 1394 cultus
1355 1369 1552 1406 agrorum,

533 1422 626 1470 Quo
656 1421 776 1459 michi
806 1421 1052 1471 temporibus
1082 1428 1140 1460 est
1170 1422 1387 1461 metuenda
1416 1423 1553 1461 fames.

471 1579 548 1615 Hic
572 1580 674 1615 dicit
699 1590 744 1615 se
767 1590 840 1624 per
864 1580 1100 1624 sompnium
1125 1580 1302 1615 terciam
1327 1581 1445 1624 vulgi
1471 1582 1653 1616 turmam
1678 1580 1723 1615 in
1748 1589 1900 1624 porcos

424 1639 584 1676 vidisse
600 1640 945 1675 transmutatam.

316 1729 446 1778 Capm.
469 1729 534 1766 iiii.
620 1729 821 1778 Sompnus
851 1728 983 1767 adhuc
1011 1728 1146 1775 creuit,
1179 1735 1217 1767 et
1246 1729 1369 1767 lassos
1399 1735 1568 1779 occupat
1597 1736 1715 1777 artus,

533 1795 663 1844 Auget
692 1800 731 1832 et
761 1794 918 1832 vlterius
948 1795 1130 1844 sompnia
1159 1795 1270 1844 plura
1299 1795 1432 1833 michi.
1837 1810 1900 1841 300

534 1860 725 1899 Cristatos
755 1872 906 1909 porcos,
938 1859 1118 1908 furiosos,
1149 1860 1323 1899 demone
1353 1860 1505 1909 plenos,

537 1927 632 1964 Post
661 1938 707 1963 ea
736 1925 894 1975 percepi
924 1932 1025 1964 stare
1055 1926 1279 1976 frequenter
1308 1925 1388 1964 ibi:

534 1992 742 2030 Associata
770 1992 887 2030 simul
917 1991 989 2030 fuit
1019 1992 1161 2029 horum
1190 1992 1333 2030 concio
1363 1992 1496 2039 multa,

535 2059 640 2097 Aera
669 2057 908 2097 stercoribus
939 2058 1155 2096 inficiendo
1184 2058 1277 2096 suis.

535 2124 725 2162 Porculus
754 2136 804 2162 en
834 2136 998 2173 porcum
1028 2123 1175 2161 furiens
1203 2130 1242 2162 et
1271 2124 1477 2172 aperculus
1505 2136 1645 2173 aprum

535 2190 815 2239 Consequitur,
847 2201 922 2227 nec
951 2200 1020 2226 eos
1048 2188 1218 2238 amplius
1247 2195 1346 2226 artat
1375 2201 1452 2226 ara.

536 2255 688 2294 Federa
717 2267 809 2292 cum
839 2254 948 2292 socio
977 2253 1045 2292 dat
1074 2265 1203 2292 verres
1232 2253 1366 2291 iuncta
1396 2253 1600 2301 nefrendo,

536 2321 590 2358 Vt
619 2320 743 2370 magis
773 2325 953 2358 euertant
982 2319 1294 2368 congradiuntur
1322 2319 1518 2367 humum,

536 2385 713 2434 Scropha
742 2397 821 2435 que
850 2385 926 2423 Sus
954 2384 1103 2422 sociam
1134 2396 1295 2433 porcam
1325 2384 1400 2422 sibi
1429 2385 1719 2433 consociarunt,

538 2451 629 2499 Que
658 2451 782 2499 magis
811 2456 852 2487 vt
882 2456 1062 2496 noceant,
1094 2449 1205 2498 plura
1234 2450 1405 2500 maligna
1434 2457 1610 2489 mouent.
1837 2466 1900 2497 310

538 2515 763 2553 Inmundos
793 2527 935 2564 porcos
964 2515 1020 2553 sic
1049 2515 1128 2553 vidi
1158 2515 1291 2553 ledere
1320 2515 1528 2562 mundum,

538 2581 615 2618 Vix
644 2581 754 2630 quod
783 2587 864 2619 erat
894 2580 1070 2618 mundus
1099 2586 1206 2618 tutus
1236 2586 1276 2618 vt
1305 2578 1436 2618 obstet
1457 2580 1537 2619 eis:

541 2646 634 2684 Non
665 2653 746 2684 erat
774 2658 878 2696 aque
907 2646 1035 2685 bladis
1064 2646 1272 2684 hominum
1302 2646 1501 2695 porcarius
1529 2646 1640 2694 vllus,

541 2711 621 2759 Qui
651 2717 746 2749 tunc
776 2711 827 2750 de
857 2712 973 2750 solito
1003 2723 1113 2750 more
1142 2711 1292 2761 fugauit
1321 2723 1389 2749 eos
1405 2725 1416 2759 ;

542 2777 634 2815 Non
665 2783 745 2815 erat
776 2777 815 2814 in
845 2789 958 2815 nares
988 2782 1147 2826 torques
1177 2776 1245 2825 qui
1274 2782 1407 2825 posset
1437 2789 1575 2816 eorum

1006 2879 1070 2909 302
1096 2869 1218 2900 Postea
1235 2869 1326 2899 CED
