<?xml version="1.0" encoding="UTF-8"?>
<!DOCTYPE html PUBLIC "-//W3C//DTD XHTML 1.0 Transitional//EN"
    "http://www.w3.org/TR/xhtml1/DTD/xhtml1-transitional.dtd">
<html xmlns="http://www.w3.org/1999/xhtml" xml:lang="en" lang="en">
 <head>
  <title>
</title>
<meta http-equiv="Content-Type" content="text/html;charset=utf-8" />
  <meta name='ocr-system' content='tesseract 3.04.00' />
  <meta name='ocr-capabilities' content='ocr_page ocr_carea ocr_par ocr_line ocrx_word'/>
</head>
<body>
  <div class='ocr_page' id='page_1' title='image "./completeworksofj04gowe_0261.png"; bbox 0 0 2095 3173; ppageno 0'>
   <div class='ocr_carea' id='block_1_1' title="bbox 1 0 63 3173">
    <p class='ocr_par' dir='ltr' id='par_1_1' title="bbox 1 0 63 3173">
     <span class='ocr_line' id='line_1_1' title="bbox 1 0 63 3173; baseline 0 0"><span class='ocrx_word' id='word_1_1' title='bbox 1 0 63 3173; x_wconf 95' lang='lat' dir='ltr'>   </span> 
     </span>
    </p>
   </div>
   <div class='ocr_carea' id='block_1_2' title="bbox 53 2544 325 2596">
    <p class='ocr_par' dir='ltr' id='par_1_2' title="bbox 53 2544 325 2596">
     <span class='ocr_line' id='line_1_2' title="bbox 53 2544 325 2596; baseline -0.007 -11"><span class='ocrx_word' id='word_1_2' title='bbox 53 2548 55 2575; x_wconf 58' lang='grc' dir='ltr'><strong>ῑ</strong></span> <span class='ocrx_word' id='word_1_3' title='bbox 81 2547 209 2596; x_wconf 79' lang='lat' dir='ltr'>Capm.</span> <span class='ocrx_word' id='word_1_4' title='bbox 228 2544 325 2584; x_wconf 84' lang='lat' dir='ltr'><strong>xxix.</strong></span> 
     </span>
    </p>
   </div>
   <div class='ocr_carea' id='block_1_3' title="bbox 706 212 1206 254">
    <p class='ocr_par' dir='ltr' id='par_1_3' title="bbox 706 212 1206 254">
     <span class='ocr_line' id='line_1_3' title="bbox 706 212 1206 254; baseline 0.002 -1"><span class='ocrx_word' id='word_1_5' title='bbox 706 213 895 253; x_wconf 89' lang='lat' dir='ltr'>LIBER</span> <span class='ocrx_word' id='word_1_6' title='bbox 933 212 1206 254; x_wconf 88' lang='lat' dir='ltr'>TERCIUS</span> 
     </span>
    </p>
   </div>
   <div class='ocr_carea' id='block_1_4' title="bbox 335 318 1517 2197">
    <p class='ocr_par' dir='ltr' id='par_1_4' title="bbox 335 318 1460 761">
     <span class='ocr_line' id='line_1_4' title="bbox 335 318 1405 370; baseline 0 -13"><span class='ocrx_word' id='word_1_7' title='bbox 335 318 414 369; x_wconf 84' lang='lat' dir='ltr'>Qui</span> <span class='ocrx_word' id='word_1_8' title='bbox 444 318 518 358; x_wconf 84' lang='lat' dir='ltr'>sibi</span> <span class='ocrx_word' id='word_1_9' title='bbox 547 332 621 358; x_wconf 89' lang='lat' dir='ltr'>nee</span> <span class='ocrx_word' id='word_1_10' title='bbox 650 321 846 359; x_wconf 88' lang='lat' dir='ltr'>mundum</span> <span class='ocrx_word' id='word_1_11' title='bbox 875 326 1090 370; x_wconf 87' lang='lat' dir='ltr'>computat,</span> <span class='ocrx_word' id='word_1_12' title='bbox 1121 318 1245 358; x_wconf 88' lang='lat' dir='ltr'>immo</span> <span class='ocrx_word' id='word_1_13' title='bbox 1274 320 1405 366; x_wconf 88' lang='lat' dir='ltr'>deum,</span> 
     </span>
     <span class='ocr_line' id='line_1_5' title="bbox 337 384 1393 435; baseline -0.001 -11"><span class='ocrx_word' id='word_1_14' title='bbox 337 384 513 424; x_wconf 82' lang='lat' dir='ltr'>Clericus</span> <span class='ocrx_word' id='word_1_15' title='bbox 542 385 626 435; x_wconf 86' lang='lat' dir='ltr'>ipse</span> <span class='ocrx_word' id='word_1_16' title='bbox 655 385 719 424; x_wconf 93' lang='lat' dir='ltr'>dei</span> <span class='ocrx_word' id='word_1_17' title='bbox 749 399 866 435; x_wconf 88' lang='lat' dir='ltr'>super</span> <span class='ocrx_word' id='word_1_18' title='bbox 894 386 971 424; x_wconf 91' lang='lat' dir='ltr'>hoc</span> <span class='ocrx_word' id='word_1_19' title='bbox 1000 392 1211 435; x_wconf 89' lang='lat' dir='ltr'>reputatur,</span> <span class='ocrx_word' id='word_1_20' title='bbox 1243 392 1281 423; x_wconf 90' lang='lat' dir='ltr'>et</span> <span class='ocrx_word' id='word_1_21' title='bbox 1310 384 1393 423; x_wconf 91' lang='lat' dir='ltr'>eius</span> 
     </span>
     <span class='ocr_line' id='line_1_6' title="bbox 336 449 1178 500; baseline 0.002 -13"><span class='ocrx_word' id='word_1_22' title='bbox 336 449 577 500; x_wconf 88' lang='lat' dir='ltr'>Principium</span> <span class='ocrx_word' id='word_1_23' title='bbox 607 452 685 489; x_wconf 90' lang='lat' dir='ltr'>fine</span> <span class='ocrx_word' id='word_1_24' title='bbox 714 451 909 490; x_wconf 81' lang='lat' dir='ltr'>clauditur</span> <span class='ocrx_word' id='word_1_25' title='bbox 936 450 1030 490; x_wconf 88' lang='lat' dir='ltr'>inde</span> <span class='ocrx_word' id='word_1_26' title='bbox 1058 451 1178 490; x_wconf 89' lang='lat' dir='ltr'>bono.</span> 
     </span>
     <span class='ocr_line' id='line_1_7' title="bbox 336 516 1198 567; baseline 0.001 -13"><span class='ocrx_word' id='word_1_27' title='bbox 336 516 489 554; x_wconf 89' lang='lat' dir='ltr'>Summi</span> <span class='ocrx_word' id='word_1_28' title='bbox 518 516 690 555; x_wconf 88' lang='lat' dir='ltr'>doctoris</span> <span class='ocrx_word' id='word_1_29' title='bbox 719 516 906 555; x_wconf 86' lang='lat' dir='ltr'>virtutum</span> <span class='ocrx_word' id='word_1_30' title='bbox 936 518 1068 567; x_wconf 85' lang='lat' dir='ltr'>regula</span> <span class='ocrx_word' id='word_1_31' title='bbox 1096 516 1198 555; x_wconf 88' lang='lat' dir='ltr'>iusta</span> 
     </span>
     <span class='ocr_line' id='line_1_8' title="bbox 338 581 1170 631; baseline 0.001 -12"><span class='ocrx_word' id='word_1_32' title='bbox 338 581 565 631; x_wconf 85' lang='lat' dir='ltr'>Discipulos</span> <span class='ocrx_word' id='word_1_33' title='bbox 594 582 743 621; x_wconf 88' lang='lat' dir='ltr'>dociles</span> <span class='ocrx_word' id='word_1_34' title='bbox 772 584 824 621; x_wconf 92' lang='lat' dir='ltr'>de</span> <span class='ocrx_word' id='word_1_35' title='bbox 853 582 1010 621; x_wconf 79' lang='lat' dir='ltr'>racione</span> <span class='ocrx_word' id='word_1_36' title='bbox 1039 583 1170 620; x_wconf 89' lang='lat' dir='ltr'>fouet:</span> 
     </span>
     <span class='ocr_line' id='line_1_9' title="bbox 337 646 1460 696; baseline 0 -12"><span class='ocrx_word' id='word_1_37' title='bbox 337 646 416 696; x_wconf 89' lang='lat' dir='ltr'>Qui</span> <span class='ocrx_word' id='word_1_38' title='bbox 445 646 584 685; x_wconf 92' lang='lat' dir='ltr'>studiis</span> <span class='ocrx_word' id='word_1_39' title='bbox 613 649 762 695; x_wconf 86' lang='lat' dir='ltr'>herent,</span> <span class='ocrx_word' id='word_1_40' title='bbox 794 661 861 686; x_wconf 87' lang='lat' dir='ltr'>cor</span> <span class='ocrx_word' id='word_1_41' title='bbox 889 649 940 686; x_wconf 91' lang='lat' dir='ltr'>ad</span> <span class='ocrx_word' id='word_1_42' title='bbox 969 649 1047 686; x_wconf 89' lang='lat' dir='ltr'>alta</span> <span class='ocrx_word' id='word_1_43' title='bbox 1075 649 1208 686; x_wconf 87' lang='lat' dir='ltr'>leuant</span> <span class='ocrx_word' id='word_1_44' title='bbox 1237 654 1275 686; x_wconf 87' lang='lat' dir='ltr'>et</span> <span class='ocrx_word' id='word_1_45' title='bbox 1305 646 1344 685; x_wconf 92' lang='lat' dir='ltr'>in</span> <span class='ocrx_word' id='word_1_46' title='bbox 1373 646 1460 685; x_wconf 83' lang='lat' dir='ltr'>altis</span> 
     </span>
     <span class='ocr_line' id='line_1_10' title="bbox 338 711 1193 761; baseline 0.002 -12"><span class='ocrx_word' id='word_1_47' title='bbox 338 711 491 761; x_wconf 87' lang='lat' dir='ltr'>Figunt,</span> <span class='ocrx_word' id='word_1_48' title='bbox 523 712 577 750; x_wconf 89' lang='lat' dir='ltr'>hii</span> <span class='ocrx_word' id='word_1_49' title='bbox 607 726 697 751; x_wconf 86' lang='lat' dir='ltr'>vera</span> <span class='ocrx_word' id='word_1_50' title='bbox 725 720 817 751; x_wconf 88' lang='lat' dir='ltr'>sunt</span> <span class='ocrx_word' id='word_1_51' title='bbox 846 714 1077 751; x_wconf 84' lang='lat' dir='ltr'>holocausta</span> <span class='ocrx_word' id='word_1_52' title='bbox 1106 714 1193 751; x_wconf 89' lang='lat' dir='ltr'>deo.</span> 
     </span>
    </p>

    <p class='ocr_par' dir='ltr' id='par_1_5' title="bbox 338 777 1517 2197">
     <span class='ocr_line' id='line_1_11' title="bbox 391 777 1517 828; baseline 0 -13"><span class='ocrx_word' id='word_1_53' title='bbox 391 778 510 816; x_wconf 92' lang='lat' dir='ltr'>Nunc</span> <span class='ocrx_word' id='word_1_54' title='bbox 540 785 673 816; x_wconf 88' lang='lat' dir='ltr'>tamen</span> <span class='ocrx_word' id='word_1_55' title='bbox 702 777 803 817; x_wconf 90' lang='lat' dir='ltr'>inter</span> <span class='ocrx_word' id='word_1_56' title='bbox 831 792 899 817; x_wconf 83' lang='lat' dir='ltr'>eos</span> <span class='ocrx_word' id='word_1_57' title='bbox 928 786 1026 828; x_wconf 91' lang='lat' dir='ltr'>puto</span> <span class='ocrx_word' id='word_1_58' title='bbox 1055 780 1200 816; x_wconf 92' lang='lat' dir='ltr'>multos</span> <span class='ocrx_word' id='word_1_59' title='bbox 1229 791 1316 817; x_wconf 87' lang='lat' dir='ltr'>esse</span> <span class='ocrx_word' id='word_1_60' title='bbox 1345 784 1517 824; x_wconf 87' lang='lat' dir='ltr'>vocatos,</span> 
     </span>
     <span class='ocr_line' id='line_1_12' title="bbox 341 843 1142 894; baseline 0.002 -14"><span class='ocrx_word' id='word_1_61' title='bbox 341 844 500 881; x_wconf 86' lang='lat' dir='ltr'>Electos</span> <span class='ocrx_word' id='word_1_62' title='bbox 529 857 677 893; x_wconf 86' lang='lat' dir='ltr'>paucos</span> <span class='ocrx_word' id='word_1_63' title='bbox 706 843 944 883; x_wconf 86' lang='lat' dir='ltr'>condicione</span> <span class='ocrx_word' id='word_1_64' title='bbox 973 844 1142 894; x_wconf 90' lang='lat' dir='ltr'>probos:</span> 
     </span>
     <span class='ocr_line' id='line_1_13' title="bbox 339 907 1340 956; baseline 0 -10"><span class='ocrx_word' id='word_1_65' title='bbox 339 907 521 947; x_wconf 90' lang='lat' dir='ltr'>Moribus</span> <span class='ocrx_word' id='word_1_66' title='bbox 550 908 605 946; x_wconf 89' lang='lat' dir='ltr'>hii</span> <span class='ocrx_word' id='word_1_67' title='bbox 634 910 787 947; x_wconf 89' lang='lat' dir='ltr'>dudum</span> <span class='ocrx_word' id='word_1_68' title='bbox 818 909 937 948; x_wconf 89' lang='lat' dir='ltr'>studii</span> <span class='ocrx_word' id='word_1_69' title='bbox 966 908 1108 948; x_wconf 85' lang='lat' dir='ltr'>virtute</span> <span class='ocrx_word' id='word_1_70' title='bbox 1136 909 1340 956; x_wconf 87' lang='lat' dir='ltr'>vacabant,</span> 
     </span>
     <span class='ocr_line' id='line_1_14' title="bbox 339 973 1178 1025; baseline 0.001 -14"><span class='ocrx_word' id='word_1_71' title='bbox 339 974 460 1012; x_wconf 85' lang='lat' dir='ltr'>Nunc</span> <span class='ocrx_word' id='word_1_72' title='bbox 489 973 598 1012; x_wconf 89' lang='lat' dir='ltr'>viciis</span> <span class='ocrx_word' id='word_1_73' title='bbox 628 973 758 1012; x_wconf 90' lang='lat' dir='ltr'>studia</span> <span class='ocrx_word' id='word_1_74' title='bbox 786 975 883 1012; x_wconf 90' lang='lat' dir='ltr'>dant</span> <span class='ocrx_word' id='word_1_75' title='bbox 911 973 1068 1025; x_wconf 88' lang='lat' dir='ltr'>vigilare</span> <span class='ocrx_word' id='word_1_76' title='bbox 1098 987 1178 1012; x_wconf 90' lang='lat' dir='ltr'>sua.</span> 
     </span>
     <span class='ocr_line' id='line_1_15' title="bbox 338 1038 1415 1089; baseline 0 -13"><span class='ocrx_word' id='word_1_77' title='bbox 338 1038 415 1076; x_wconf 87' lang='lat' dir='ltr'>Vix</span> <span class='ocrx_word' id='word_1_78' title='bbox 444 1052 515 1089; x_wconf 91' lang='lat' dir='ltr'>pro</span> <span class='ocrx_word' id='word_1_79' title='bbox 544 1038 707 1077; x_wconf 86' lang='lat' dir='ltr'>materia</span> <span class='ocrx_word' id='word_1_80' title='bbox 735 1038 766 1078; x_wconf 90' lang='lat' dir='ltr'>si</span> <span class='ocrx_word' id='word_1_81' title='bbox 795 1052 902 1078; x_wconf 90' lang='lat' dir='ltr'>nunc</span> <span class='ocrx_word' id='word_1_82' title='bbox 930 1040 1063 1078; x_wconf 89' lang='lat' dir='ltr'>studet</span> <span class='ocrx_word' id='word_1_83' title='bbox 1090 1052 1190 1077; x_wconf 83' lang='lat' dir='ltr'>Vnus</span> <span class='ocrx_word' id='word_1_84' title='bbox 1220 1039 1415 1086; x_wconf 88' lang='lat' dir='ltr'>habenda,</span> 
     </span>
     <span class='ocr_line' id='line_1_16' title="bbox 342 1104 1165 1143; baseline 0 -1"><span class='ocrx_word' id='word_1_85' title='bbox 342 1105 479 1143; x_wconf 90' lang='lat' dir='ltr'>Solum</span> <span class='ocrx_word' id='word_1_86' title='bbox 508 1111 566 1143; x_wconf 91' lang='lat' dir='ltr'>set</span> <span class='ocrx_word' id='word_1_87' title='bbox 595 1106 720 1143; x_wconf 86' lang='lat' dir='ltr'>forme</span> <span class='ocrx_word' id='word_1_88' title='bbox 749 1104 891 1143; x_wconf 87' lang='lat' dir='ltr'>sufficit</span> <span class='ocrx_word' id='word_1_89' title='bbox 919 1105 1057 1142; x_wconf 90' lang='lat' dir='ltr'>vmbra</span> <span class='ocrx_word' id='word_1_90' title='bbox 1086 1117 1165 1142; x_wconf 87' lang='lat' dir='ltr'>sue.</span> 
     </span>
     <span class='ocr_line' id='line_1_17' title="bbox 341 1169 1318 1220; baseline -0.001 -12"><span class='ocrx_word' id='word_1_91' title='bbox 341 1169 517 1210; x_wconf 80' lang='lat' dir='ltr'>Clericus</span> <span class='ocrx_word' id='word_1_92' title='bbox 546 1169 601 1208; x_wconf 88' lang='lat' dir='ltr'>ire</span> <span class='ocrx_word' id='word_1_93' title='bbox 630 1171 755 1208; x_wconf 89' lang='lat' dir='ltr'>scolas</span> <span class='ocrx_word' id='word_1_94' title='bbox 784 1169 919 1208; x_wconf 88' lang='lat' dir='ltr'>animo</span> <span class='ocrx_word' id='word_1_95' title='bbox 947 1169 1128 1220; x_wconf 88' lang='lat' dir='ltr'>paciente</span> <span class='ocrx_word' id='word_1_96' title='bbox 1156 1170 1318 1216; x_wconf 83' lang='lat' dir='ltr'>solebat,</span> 
     </span>
     <span class='ocr_line' id='line_1_18' title="bbox 343 1234 1294 1286; baseline -0.002 -12"><span class='ocrx_word' id='word_1_97' title='bbox 343 1235 479 1274; x_wconf 83' lang='lat' dir='ltr'>Gloria</span> <span class='ocrx_word' id='word_1_98' title='bbox 507 1249 613 1274; x_wconf 91' lang='lat' dir='ltr'>nunc</span> <span class='ocrx_word' id='word_1_99' title='bbox 642 1235 782 1274; x_wconf 90' lang='lat' dir='ltr'>mundi</span> <span class='ocrx_word' id='word_1_100' title='bbox 812 1242 967 1286; x_wconf 89' lang='lat' dir='ltr'>statque</span> <span class='ocrx_word' id='word_1_101' title='bbox 996 1234 1179 1285; x_wconf 84' lang='lat' dir='ltr'>magistra</span> <span class='ocrx_word' id='word_1_102' title='bbox 1208 1234 1294 1282; x_wconf 88' lang='lat' dir='ltr'>sibi,</span> 
     </span>
     <span class='ocr_line' id='line_1_19' title="bbox 343 1299 1319 1351; baseline 0 -13"><span class='ocrx_word' id='word_1_103' title='bbox 343 1300 657 1350; x_wconf 89' lang='lat' dir='ltr'>Discurrensque</span> <span class='ocrx_word' id='word_1_104' title='bbox 686 1313 806 1351; x_wconf 85' lang='lat' dir='ltr'>vagus</span> <span class='ocrx_word' id='word_1_105' title='bbox 835 1308 992 1351; x_wconf 87' lang='lat' dir='ltr'>potator</span> <span class='ocrx_word' id='word_1_106' title='bbox 1020 1308 1058 1339; x_wconf 90' lang='lat' dir='ltr'>et</span> <span class='ocrx_word' id='word_1_107' title='bbox 1086 1299 1319 1347; x_wconf 83' lang='lat' dir='ltr'>accidiosus,</span> 
     </span>
     <span class='ocr_line' id='line_1_20' title="bbox 344 1365 1177 1414; baseline -0.001 -9"><span class='ocrx_word' id='word_1_108' title='bbox 344 1365 513 1405; x_wconf 87' lang='lat' dir='ltr'>Deditus</span> <span class='ocrx_word' id='word_1_109' title='bbox 543 1373 581 1404; x_wconf 88' lang='lat' dir='ltr'>et</span> <span class='ocrx_word' id='word_1_110' title='bbox 610 1365 753 1414; x_wconf 88' lang='lat' dir='ltr'>veneri,</span> <span class='ocrx_word' id='word_1_111' title='bbox 784 1366 922 1404; x_wconf 87' lang='lat' dir='ltr'>circuit</span> <span class='ocrx_word' id='word_1_112' title='bbox 950 1366 1014 1404; x_wconf 92' lang='lat' dir='ltr'>hic</span> <span class='ocrx_word' id='word_1_113' title='bbox 1043 1373 1082 1404; x_wconf 86' lang='lat' dir='ltr'>et</span> <span class='ocrx_word' id='word_1_114' title='bbox 1111 1365 1177 1404; x_wconf 90' lang='lat' dir='ltr'>ibi.</span> 
     </span>
     <span class='ocr_line' id='line_1_21' title="bbox 344 1431 1239 1482; baseline 0 -13"><span class='ocrx_word' id='word_1_115' title='bbox 344 1433 404 1470; x_wconf 88' lang='lat' dir='ltr'>Ex</span> <span class='ocrx_word' id='word_1_116' title='bbox 433 1432 567 1482; x_wconf 85' lang='lat' dir='ltr'>planta</span> <span class='ocrx_word' id='word_1_117' title='bbox 595 1431 714 1470; x_wconf 89' lang='lat' dir='ltr'>sterili</span> <span class='ocrx_word' id='word_1_118' title='bbox 743 1444 824 1469; x_wconf 89' lang='lat' dir='ltr'>non</span> <span class='ocrx_word' id='word_1_119' title='bbox 854 1432 921 1470; x_wconf 86' lang='lat' dir='ltr'>fiet</span> <span class='ocrx_word' id='word_1_120' title='bbox 949 1431 1084 1470; x_wconf 88' lang='lat' dir='ltr'>fertilis</span> <span class='ocrx_word' id='word_1_121' title='bbox 1113 1431 1239 1478; x_wconf 89' lang='lat' dir='ltr'>arbor,</span> 
     </span>
     <span class='ocr_line' id='line_1_22' title="bbox 343 1496 1240 1547; baseline 0 -12"><span class='ocrx_word' id='word_1_122' title='bbox 343 1498 430 1536; x_wconf 89' lang='lat' dir='ltr'>Nec</span> <span class='ocrx_word' id='word_1_123' title='bbox 458 1496 575 1535; x_wconf 87' lang='lat' dir='ltr'>faciet</span> <span class='ocrx_word' id='word_1_124' title='bbox 602 1498 750 1535; x_wconf 86' lang='lat' dir='ltr'>fructus</span> <span class='ocrx_word' id='word_1_125' title='bbox 779 1497 895 1535; x_wconf 86' lang='lat' dir='ltr'>arbor</span> <span class='ocrx_word' id='word_1_126' title='bbox 923 1496 1059 1547; x_wconf 86' lang='lat' dir='ltr'>iniqua</span> <span class='ocrx_word' id='word_1_127' title='bbox 1088 1497 1240 1535; x_wconf 91' lang='lat' dir='ltr'>bonos:</span> 
     </span>
     <span class='ocr_line' id='line_1_23' title="bbox 341 1561 1492 1613; baseline -0.001 -12"><span class='ocrx_word' id='word_1_128' title='bbox 341 1564 443 1613; x_wconf 91' lang='lat' dir='ltr'>Sepe</span> <span class='ocrx_word' id='word_1_129' title='bbox 472 1570 632 1601; x_wconf 88' lang='lat' dir='ltr'>senecta</span> <span class='ocrx_word' id='word_1_130' title='bbox 659 1570 778 1610; x_wconf 89' lang='lat' dir='ltr'>tenet,</span> <span class='ocrx_word' id='word_1_131' title='bbox 810 1562 936 1601; x_wconf 87' lang='lat' dir='ltr'>tenuit</span> <span class='ocrx_word' id='word_1_132' title='bbox 965 1563 1250 1613; x_wconf 89' lang='lat' dir='ltr'>quodcumque</span> <span class='ocrx_word' id='word_1_133' title='bbox 1279 1561 1492 1610; x_wconf 81' lang='lat' dir='ltr'>iuuentus3</span> 
     </span>
     <span class='ocr_line' id='line_1_24' title="bbox 341 1627 1335 1678; baseline -0.001 -12"><span class='ocrx_word' id='word_1_134' title='bbox 341 1627 382 1667; x_wconf 89' lang='lat' dir='ltr'>Si</span> <span class='ocrx_word' id='word_1_135' title='bbox 411 1629 537 1666; x_wconf 89' lang='lat' dir='ltr'>malus</span> <span class='ocrx_word' id='word_1_136' title='bbox 566 1635 624 1666; x_wconf 89' lang='lat' dir='ltr'>est</span> <span class='ocrx_word' id='word_1_137' title='bbox 653 1627 819 1676; x_wconf 83' lang='lat' dir='ltr'>iuuenis,</span> <span class='ocrx_word' id='word_1_138' title='bbox 849 1627 912 1666; x_wconf 89' lang='lat' dir='ltr'>vix</span> <span class='ocrx_word' id='word_1_139' title='bbox 941 1628 1070 1666; x_wconf 92' lang='lat' dir='ltr'>bonus</span> <span class='ocrx_word' id='word_1_140' title='bbox 1100 1627 1184 1678; x_wconf 89' lang='lat' dir='ltr'>ipse</span> <span class='ocrx_word' id='word_1_141' title='bbox 1213 1635 1335 1666; x_wconf 89' lang='lat' dir='ltr'>vetus.</span> 
     </span>
     <span class='ocr_line' id='line_1_25' title="bbox 344 1693 1403 1744; baseline -0.002 -12"><span class='ocrx_word' id='word_1_142' title='bbox 344 1695 415 1732; x_wconf 91' lang='lat' dir='ltr'>Est</span> <span class='ocrx_word' id='word_1_143' title='bbox 445 1694 551 1732; x_wconf 78' lang='lat' dir='ltr'>bona</span> <span class='ocrx_word' id='word_1_144' title='bbox 580 1707 657 1744; x_wconf 90' lang='lat' dir='ltr'>que</span> <span class='ocrx_word' id='word_1_145' title='bbox 687 1693 796 1732; x_wconf 85' lang='lat' dir='ltr'>radix</span> <span class='ocrx_word' id='word_1_146' title='bbox 825 1693 1012 1732; x_wconf 87' lang='lat' dir='ltr'>bonitatis</span> <span class='ocrx_word' id='word_1_147' title='bbox 1041 1693 1218 1744; x_wconf 87' lang='lat' dir='ltr'>germina</span> <span class='ocrx_word' id='word_1_148' title='bbox 1246 1694 1403 1743; x_wconf 87' lang='lat' dir='ltr'>profert,</span> 
     </span>
     <span class='ocr_line' id='line_1_26' title="bbox 344 1759 1257 1811; baseline -0.002 -13"><span class='ocrx_word' id='word_1_149' title='bbox 344 1761 407 1798; x_wconf 92' lang='lat' dir='ltr'>De</span> <span class='ocrx_word' id='word_1_150' title='bbox 436 1759 570 1811; x_wconf 79' lang='lat' dir='ltr'>radice</span> <span class='ocrx_word' id='word_1_151' title='bbox 597 1761 700 1797; x_wconf 89' lang='lat' dir='ltr'>mala</span> <span class='ocrx_word' id='word_1_152' title='bbox 727 1759 920 1809; x_wconf 85' lang='lat' dir='ltr'>germinat</span> <span class='ocrx_word' id='word_1_153' title='bbox 949 1772 1068 1797; x_wconf 91' lang='lat' dir='ltr'>omne</span> <span class='ocrx_word' id='word_1_154' title='bbox 1098 1760 1257 1796; x_wconf 88' lang='lat' dir='ltr'>malurn.</span> 
     </span>
     <span class='ocr_line' id='line_1_27' title="bbox 344 1822 1331 1874; baseline -0.001 -12"><span class='ocrx_word' id='word_1_155' title='bbox 344 1824 526 1874; x_wconf 86' lang='lat' dir='ltr'>Quisque</span> <span class='ocrx_word' id='word_1_156' title='bbox 555 1837 647 1862; x_wconf 88' lang='lat' dir='ltr'>suos</span> <span class='ocrx_word' id='word_1_157' title='bbox 676 1824 791 1874; x_wconf 85' lang='lat' dir='ltr'>igitur</span> <span class='ocrx_word' id='word_1_158' title='bbox 819 1837 962 1874; x_wconf 91' lang='lat' dir='ltr'>pueros</span> <span class='ocrx_word' id='word_1_159' title='bbox 992 1823 1164 1874; x_wconf 85' lang='lat' dir='ltr'>castiget,</span> <span class='ocrx_word' id='word_1_160' title='bbox 1197 1831 1236 1861; x_wconf 92' lang='lat' dir='ltr'>vt</span> <span class='ocrx_word' id='word_1_161' title='bbox 1265 1822 1331 1861; x_wconf 86' lang='lat' dir='ltr'>illa</span> 
     </span>
     <span class='ocr_line' id='line_1_28' title="bbox 344 1888 1264 1940; baseline -0.001 -13"><span class='ocrx_word' id='word_1_162' title='bbox 344 1889 507 1940; x_wconf 85' lang='lat' dir='ltr'>Virgula</span> <span class='ocrx_word' id='word_1_163' title='bbox 535 1903 616 1927; x_wconf 93' lang='lat' dir='ltr'>non</span> <span class='ocrx_word' id='word_1_164' title='bbox 645 1889 751 1927; x_wconf 84' lang='lat' dir='ltr'>licite</span> <span class='ocrx_word' id='word_1_165' title='bbox 779 1888 922 1927; x_wconf 89' lang='lat' dir='ltr'>mentis</span> <span class='ocrx_word' id='word_1_166' title='bbox 951 1890 1105 1939; x_wconf 84' lang='lat' dir='ltr'>agenda</span> <span class='ocrx_word' id='word_1_167' title='bbox 1133 1890 1264 1938; x_wconf 84' lang='lat' dir='ltr'>fugat:</span> 
     </span>
     <span class='ocr_line' id='line_1_29' title="bbox 345 1952 1449 2003; baseline -0.002 -11"><span class='ocrx_word' id='word_1_168' title='bbox 345 1954 426 2003; x_wconf 87' lang='lat' dir='ltr'>Qui</span> <span class='ocrx_word' id='word_1_169' title='bbox 454 1954 604 1992; x_wconf 89' lang='lat' dir='ltr'>virtutis</span> <span class='ocrx_word' id='word_1_170' title='bbox 634 1955 754 1993; x_wconf 89' lang='lat' dir='ltr'>habet</span> <span class='ocrx_word' id='word_1_171' title='bbox 782 1953 936 1993; x_wconf 90' lang='lat' dir='ltr'>iuuenis</span> <span class='ocrx_word' id='word_1_172' title='bbox 965 1968 1057 1993; x_wconf 90' lang='lat' dir='ltr'>cum</span> <span class='ocrx_word' id='word_1_173' title='bbox 1087 1955 1181 1992; x_wconf 89' lang='lat' dir='ltr'>flore</span> <span class='ocrx_word' id='word_1_174' title='bbox 1210 1952 1449 2003; x_wconf 85' lang='lat' dir='ltr'>magistrum,</span> 
     </span>
     <span class='ocr_line' id='line_1_30' title="bbox 349 2019 1252 2070; baseline -0.001 -13"><span class='ocrx_word' id='word_1_175' title='bbox 349 2019 486 2058; x_wconf 87' lang='lat' dir='ltr'>Discat</span> <span class='ocrx_word' id='word_1_176' title='bbox 515 2027 553 2058; x_wconf 86' lang='lat' dir='ltr'>et</span> <span class='ocrx_word' id='word_1_177' title='bbox 582 2019 666 2070; x_wconf 91' lang='lat' dir='ltr'>ipse</span> <span class='ocrx_word' id='word_1_178' title='bbox 695 2019 758 2070; x_wconf 90' lang='lat' dir='ltr'>pie</span> <span class='ocrx_word' id='word_1_179' title='bbox 787 2033 865 2069; x_wconf 90' lang='lat' dir='ltr'>que</span> <span class='ocrx_word' id='word_1_180' title='bbox 894 2019 1099 2070; x_wconf 89' lang='lat' dir='ltr'>probitatis</span> <span class='ocrx_word' id='word_1_181' title='bbox 1128 2026 1252 2066; x_wconf 89' lang='lat' dir='ltr'>erunt,</span> 
     </span>
     <span class='ocr_line' id='line_1_31' title="bbox 349 2084 1288 2135; baseline 0 -13"><span class='ocrx_word' id='word_1_182' title='bbox 349 2084 532 2123; x_wconf 86' lang='lat' dir='ltr'>Proficiet</span> <span class='ocrx_word' id='word_1_183' title='bbox 561 2084 676 2132; x_wconf 68' lang='lat' dir='ltr'>talis,</span> <span class='ocrx_word' id='word_1_184' title='bbox 714 2092 772 2123; x_wconf 89' lang='lat' dir='ltr'>set</span> <span class='ocrx_word' id='word_1_185' title='bbox 801 2098 919 2135; x_wconf 90' lang='lat' dir='ltr'>quem</span> <span class='ocrx_word' id='word_1_186' title='bbox 949 2086 1090 2123; x_wconf 90' lang='lat' dir='ltr'>doctor</span> <span class='ocrx_word' id='word_1_187' title='bbox 1117 2084 1288 2122; x_wconf 91' lang='lat' dir='ltr'>viciosus</span> 
     </span>
     <span class='ocr_line' id='line_1_32' title="bbox 350 2149 1174 2197; baseline -0.001 -9"><span class='ocrx_word' id='word_1_188' title='bbox 350 2149 523 2197; x_wconf 84' lang='lat' dir='ltr'>Instruit,</span> <span class='ocrx_word' id='word_1_189' title='bbox 555 2149 619 2188; x_wconf 92' lang='lat' dir='ltr'>hic</span> <span class='ocrx_word' id='word_1_190' title='bbox 647 2163 733 2188; x_wconf 87' lang='lat' dir='ltr'>raro</span> <span class='ocrx_word' id='word_1_191' title='bbox 762 2149 1012 2188; x_wconf 87' lang='lat' dir='ltr'>fructificabit</span> <span class='ocrx_word' id='word_1_192' title='bbox 1041 2151 1174 2187; x_wconf 90' lang='lat' dir='ltr'>homo.</span> 
     </span>
    </p>
   </div>
   <div class='ocr_carea' id='block_1_5' title="bbox 352 2541 1506 2972">
    <p class='ocr_par' dir='ltr' id='par_1_6' title="bbox 352 2541 1506 2972">
     <span class='ocr_line' id='line_1_33' title="bbox 413 2541 1506 2594; baseline -0.003 -11"><span class='ocrx_word' id='word_1_193' title='bbox 413 2545 512 2583; x_wconf 91' lang='lat' dir='ltr'>Sunt</span> <span class='ocrx_word' id='word_1_194' title='bbox 539 2543 671 2594; x_wconf 87' lang='lat' dir='ltr'>aliqui,</span> <span class='ocrx_word' id='word_1_195' title='bbox 703 2544 834 2583; x_wconf 87' lang='lat' dir='ltr'>studio</span> <span class='ocrx_word' id='word_1_196' title='bbox 863 2545 986 2583; x_wconf 87' lang='lat' dir='ltr'>modo</span> <span class='ocrx_word' id='word_1_197' title='bbox 1015 2543 1083 2594; x_wconf 88' lang='lat' dir='ltr'>qui</span> <span class='ocrx_word' id='word_1_198' title='bbox 1112 2550 1286 2593; x_wconf 86' lang='lat' dir='ltr'>perstant</span> <span class='ocrx_word' id='word_1_199' title='bbox 1314 2541 1506 2590; x_wconf 87' lang='lat' dir='ltr'>animoso,</span> 
     </span>
     <span class='ocr_line' id='line_1_34' title="bbox 353 2608 1220 2659; baseline -0.003 -11"><span class='ocrx_word' id='word_1_200' title='bbox 353 2608 501 2648; x_wconf 88' lang='lat' dir='ltr'>Nescio</span> <span class='ocrx_word' id='word_1_201' title='bbox 530 2622 608 2659; x_wconf 90' lang='lat' dir='ltr'>que</span> <span class='ocrx_word' id='word_1_202' title='bbox 637 2623 754 2648; x_wconf 87' lang='lat' dir='ltr'>causa</span> <span class='ocrx_word' id='word_1_203' title='bbox 783 2610 831 2648; x_wconf 86' lang='lat' dir='ltr'>sit</span> <span class='ocrx_word' id='word_1_204' title='bbox 860 2617 994 2648; x_wconf 85' lang='lat' dir='ltr'>tamen</span> <span class='ocrx_word' id='word_1_205' title='bbox 1023 2609 1116 2647; x_wconf 88' lang='lat' dir='ltr'>inde</span> <span class='ocrx_word' id='word_1_206' title='bbox 1146 2621 1220 2646; x_wconf 92' lang='lat' dir='ltr'>rea.</span> 
     </span>
     <span class='ocr_line' id='line_1_35' title="bbox 352 2671 1496 2724; baseline 0 -13"><span class='ocrx_word' id='word_1_207' title='bbox 352 2672 555 2723; x_wconf 87' lang='lat' dir='ltr'>Quicquid</span> <span class='ocrx_word' id='word_1_208' title='bbox 583 2681 700 2724; x_wconf 84' lang='lat' dir='ltr'>agant</span> <span class='ocrx_word' id='word_1_209' title='bbox 728 2674 921 2722; x_wconf 86' lang='lat' dir='ltr'>homines,</span> <span class='ocrx_word' id='word_1_210' title='bbox 952 2673 1126 2712; x_wconf 86' lang='lat' dir='ltr'>intencio</span> <span class='ocrx_word' id='word_1_211' title='bbox 1154 2671 1303 2711; x_wconf 87' lang='lat' dir='ltr'>iudicat</span> <span class='ocrx_word' id='word_1_212' title='bbox 1332 2684 1470 2711; x_wconf 90' lang='lat' dir='ltr'>omnes</span> <span class='ocrx_word' id='word_1_213' title='bbox 1485 2687 1496 2720; x_wconf 88' lang='grc'>,·</span> 
     </span>
     <span class='ocr_line' id='line_1_36' title="bbox 354 2737 1302 2789; baseline -0.003 -11"><span class='ocrx_word' id='word_1_214' title='bbox 354 2740 486 2779; x_wconf 90' lang='lat' dir='ltr'>Corde</span> <span class='ocrx_word' id='word_1_215' title='bbox 516 2739 625 2788; x_wconf 92' lang='lat' dir='ltr'>quod</span> <span class='ocrx_word' id='word_1_216' title='bbox 654 2738 814 2777; x_wconf 86' lang='lat' dir='ltr'>interius</span> <span class='ocrx_word' id='word_1_217' title='bbox 844 2746 903 2778; x_wconf 90' lang='lat' dir='ltr'>est</span> <span class='ocrx_word' id='word_1_218' title='bbox 931 2739 1036 2789; x_wconf 87' lang='lat' dir='ltr'>capit</span> <span class='ocrx_word' id='word_1_219' title='bbox 1064 2737 1148 2788; x_wconf 89' lang='lat' dir='ltr'>ipse</span> <span class='ocrx_word' id='word_1_220' title='bbox 1178 2739 1302 2776; x_wconf 86' lang='lat' dir='ltr'>deus:</span> 
     </span>
     <span class='ocr_line' id='line_1_37' title="bbox 354 2801 1383 2853; baseline -0.003 -10"><span class='ocrx_word' id='word_1_221' title='bbox 354 2803 446 2843; x_wconf 89' lang='lat' dir='ltr'>Istis</span> <span class='ocrx_word' id='word_1_222' title='bbox 474 2803 693 2853; x_wconf 89' lang='lat' dir='ltr'>prepositis,</span> <span class='ocrx_word' id='word_1_223' title='bbox 724 2817 860 2842; x_wconf 90' lang='lat' dir='ltr'>verum</span> <span class='ocrx_word' id='word_1_224' title='bbox 889 2803 1010 2842; x_wconf 88' lang='lat' dir='ltr'>michi</span> <span class='ocrx_word' id='word_1_225' title='bbox 1039 2804 1181 2853; x_wconf 87' lang='lat' dir='ltr'>pande,</span> <span class='ocrx_word' id='word_1_226' title='bbox 1214 2801 1383 2849; x_wconf 88' lang='lat' dir='ltr'>scolaris,</span> 
     </span>
     <span class='ocr_line' id='line_1_38' title="bbox 356 2867 1208 2919; baseline -0.005 -11"><span class='ocrx_word' id='word_1_227' title='bbox 356 2868 432 2908; x_wconf 86' lang='lat' dir='ltr'>Dic</span> <span class='ocrx_word' id='word_1_228' title='bbox 461 2882 538 2919; x_wconf 90' lang='lat' dir='ltr'>que</span> <span class='ocrx_word' id='word_1_229' title='bbox 567 2867 616 2906; x_wconf 89' lang='lat' dir='ltr'>sit</span> <span class='ocrx_word' id='word_1_230' title='bbox 645 2868 764 2907; x_wconf 89' lang='lat' dir='ltr'>studii</span> <span class='ocrx_word' id='word_1_231' title='bbox 792 2869 953 2908; x_wconf 88' lang='lat' dir='ltr'>condita</span> <span class='ocrx_word' id='word_1_232' title='bbox 982 2881 1100 2906; x_wconf 85' lang='lat' dir='ltr'>causa</span> <span class='ocrx_word' id='word_1_233' title='bbox 1129 2867 1208 2905; x_wconf 89' lang='lat' dir='ltr'>tui:</span> 
     </span>
     <span class='ocr_line' id='line_1_39' title="bbox 943 2945 1017 2972; baseline 0.014 -1"><span class='ocrx_word' id='word_1_234' title='bbox 943 2945 974 2971; x_wconf 90' lang='lat' dir='ltr'>M</span> <span class='ocrx_word' id='word_1_235' title='bbox 999 2948 1017 2972; x_wconf 90' lang='lat'><strong>2</strong></span> 
     </span>
    </p>
   </div>
   <div class='ocr_carea' id='block_1_6' title="bbox 1615 215 1691 257">
    <p class='ocr_par' dir='ltr' id='par_1_7' title="bbox 1615 215 1691 257">
     <span class='ocr_line' id='line_1_40' title="bbox 1615 215 1691 257; baseline 0 -4"><span class='ocrx_word' id='word_1_236' title='bbox 1615 215 1691 257; x_wconf 82' lang='lat'>163</span> 
     </span>
    </p>
   </div>
   <div class='ocr_carea' id='block_1_7' title="bbox 1612 716 1696 748">
    <p class='ocr_par' dir='ltr' id='par_1_8' title="bbox 1612 716 1696 748">
     <span class='ocr_line' id='line_1_41' title="bbox 1612 716 1696 748; baseline 0 0"><span class='ocrx_word' id='word_1_237' title='bbox 1612 716 1696 748; x_wconf 85' lang='lat'>2060</span> 
     </span>
    </p>
   </div>
   <div class='ocr_carea' id='block_1_8' title="bbox 1618 1379 1703 1411">
    <p class='ocr_par' dir='ltr' id='par_1_9' title="bbox 1618 1379 1703 1411">
     <span class='ocr_line' id='line_1_42' title="bbox 1618 1379 1703 1411; baseline -0.012 -10"><span class='ocrx_word' id='word_1_238' title='bbox 1618 1379 1703 1411; x_wconf 86' lang='lat'><em>2070</em></span> 
     </span>
    </p>
   </div>
   <div class='ocr_carea' id='block_1_9' title="bbox 1621 2025 1706 2055">
    <p class='ocr_par' dir='ltr' id='par_1_10' title="bbox 1621 2025 1706 2055">
     <span class='ocr_line' id='line_1_43' title="bbox 1621 2025 1706 2055; baseline -0.012 0"><span class='ocrx_word' id='word_1_239' title='bbox 1621 2025 1706 2055; x_wconf 84' lang='lat'>2080</span> 
     </span>
    </p>
   </div>
   <div class='ocr_carea' id='block_1_10' title="bbox 242 2286 1709 2509">
    <p class='ocr_par' dir='ltr' id='par_1_11' title="bbox 242 2286 1709 2509">
     <span class='ocr_line' id='line_1_44' title="bbox 289 2286 1708 2333; baseline -0.002 -10"><span class='ocrx_word' id='word_1_240' title='bbox 289 2288 367 2324; x_wconf 92' lang='lat' dir='ltr'>Hic</span> <span class='ocrx_word' id='word_1_241' title='bbox 412 2288 548 2333; x_wconf 83' lang='lat' dir='ltr'>querit</span> <span class='ocrx_word' id='word_1_242' title='bbox 598 2298 771 2323; x_wconf 84' lang='lat' dir='ltr'>causam</span> <span class='ocrx_word' id='word_1_243' title='bbox 818 2298 897 2332; x_wconf 90' lang='lat' dir='ltr'>que</span> <span class='ocrx_word' id='word_1_244' title='bbox 940 2287 1167 2323; x_wconf 85' lang='lat' dir='ltr'>scolarium</span> <span class='ocrx_word' id='word_1_245' title='bbox 1213 2288 1378 2322; x_wconf 87' lang='lat' dir='ltr'>animos</span> <span class='ocrx_word' id='word_1_246' title='bbox 1424 2286 1477 2321; x_wconf 87' lang='lat' dir='ltr'>ad</span> <span class='ocrx_word' id='word_1_247' title='bbox 1522 2286 1708 2321; x_wconf 86' lang='lat' dir='ltr'>ordinem</span> 
     </span>
     <span class='ocr_line' id='line_1_45' title="bbox 242 2346 1709 2393; baseline -0.002 -11"><span class='ocrx_word' id='word_1_248' title='bbox 242 2347 551 2393; x_wconf 77' lang='lat' dir='ltr'>presbiteratus</span> <span class='ocrx_word' id='word_1_249' title='bbox 588 2347 896 2391; x_wconf 86' lang='lat' dir='ltr'>suscipiendum</span> <span class='ocrx_word' id='word_1_250' title='bbox 938 2347 1114 2381; x_wconf 85' lang='lat' dir='ltr'>inducit:</span> <span class='ocrx_word' id='word_1_251' title='bbox 1156 2348 1245 2381; x_wconf 89' lang='lat' dir='ltr'>tres</span> <span class='ocrx_word' id='word_1_252' title='bbox 1284 2346 1395 2381; x_wconf 89' lang='lat' dir='ltr'>enim</span> <span class='ocrx_word' id='word_1_253' title='bbox 1432 2355 1587 2380; x_wconf 86' lang='lat' dir='ltr'>causas</span> <span class='ocrx_word' id='word_1_254' title='bbox 1625 2354 1709 2388; x_wconf 89' lang='lat' dir='ltr'>pre-</span> 
     </span>
     <span class='ocr_line' id='line_1_46' title="bbox 243 2403 1708 2451; baseline -0.003 -10"><span class='ocrx_word' id='word_1_255' title='bbox 243 2407 360 2451; x_wconf 88' lang='lat' dir='ltr'>cipue</span> <span class='ocrx_word' id='word_1_256' title='bbox 389 2406 572 2449; x_wconf 83' lang='lat' dir='ltr'>allegat3</span> <span class='ocrx_word' id='word_1_257' title='bbox 605 2407 769 2442; x_wconf 77' lang='lat' dir='ltr'>tractat</span> <span class='ocrx_word' id='word_1_258' title='bbox 803 2406 936 2441; x_wconf 84' lang='lat' dir='ltr'>eciam</span> <span class='ocrx_word' id='word_1_259' title='bbox 966 2406 1017 2441; x_wconf 90' lang='lat' dir='ltr'>de</span> <span class='ocrx_word' id='word_1_260' title='bbox 1050 2407 1203 2450; x_wconf 87' lang='lat' dir='ltr'>quarta</span> <span class='ocrx_word' id='word_1_261' title='bbox 1237 2414 1382 2445; x_wconf 84' lang='lat' dir='ltr'>causa,</span> <span class='ocrx_word' id='word_1_262' title='bbox 1414 2414 1492 2448; x_wconf 88' lang='lat' dir='ltr'>que</span> <span class='ocrx_word' id='word_1_263' title='bbox 1524 2413 1623 2438; x_wconf 88' lang='lat' dir='ltr'>raro</span> <span class='ocrx_word' id='word_1_264' title='bbox 1656 2403 1708 2437; x_wconf 86' lang='lat' dir='ltr'>ad</span> 
     </span>
     <span class='ocr_line' id='line_1_47' title="bbox 242 2464 666 2509; baseline -0.002 -9"><span class='ocrx_word' id='word_1_265' title='bbox 242 2474 419 2509; x_wconf 86' lang='lat' dir='ltr'>presens</span> <span class='ocrx_word' id='word_1_266' title='bbox 444 2464 666 2508; x_wconf 88' lang='lat' dir='ltr'>contingit.</span> 
     </span>
    </p>
   </div>
  </div>
 </body>
</html>
