2095 3173
57 2604 183 2654 Capru.
206 2603 307 2643 xxiii.

697 219 885 260 LIBER
928 219 1201 261 TERclus
1607 235 1683 274 153

322 325 563 364 Presbiteros
593 332 704 363 notat
732 324 804 363 iste
834 339 931 373 reos,
963 325 1031 376 qui
1060 339 1224 376 corpore
1252 325 1332 365 fedi

324 391 415 439 Que
444 398 536 429 sunt
564 390 713 429 luxurie
743 392 833 430 feda
861 392 1027 429 latenter
1054 399 1175 442 agunt
1189 406 1200 440 ;

325 456 415 493 Hos
444 455 533 494 laici
562 456 673 506 quasi
702 455 799 494 lucis
828 469 922 494 aues
951 456 1181 507 restringere
1210 463 1390 507 querunt,

324 521 418 558 Zelo
447 520 627 559 succensi
655 520 761 571 legis,
792 534 926 559 amore
955 520 1030 559 dei.
1603 536 1687 569 1700

325 585 595 623 Preuaricatus
625 585 730 623 enim
762 587 882 624 Iudas
910 599 993 623 non
1021 585 1189 636 amplius
1218 586 1312 625 inde

326 651 538 688 Seruorum
568 650 685 690 Cristi
714 650 855 701 dignus
885 651 1035 689 honore
1064 651 1147 689 fuit.

328 716 437 753 Dum
466 715 556 766 iuga
584 715 733 754 luxurie
763 723 968 766 supportat
996 716 1197 766 presbiter,
1228 716 1358 767 ipsum

327 779 367 819 Si
395 788 574 830 pungant
602 780 701 829 laici,
732 789 937 831 computet
966 781 1077 820 inde
1107 782 1208 820 sibi.

382 846 495 883 Iusto
524 845 671 884 iudicio
701 847 762 884 lex
791 847 883 893 vult,
916 848 1025 896 quod
1054 846 1146 885 iuris
1175 847 1321 885 abusor

328 910 497 949 Amittat
526 910 628 949 vicio
658 912 767 961 quod
797 911 871 949 sibi
900 911 984 950 iura
1012 912 1172 950 dabant.

329 975 507 1014 Ecclesie
536 977 671 1015 fratres
701 976 742 1014 in
772 976 902 1016 Cristo
931 990 1003 1015 nos
1034 990 1169 1015 sumus
1199 990 1350 1025 omnes,

331 1042 496 1091 Semper
524 1048 562 1080 et
590 1041 748 1080 alterius
778 1041 927 1092 indiget
955 1044 1053 1081 alter
1081 1056 1181 1093 ope:

331 1107 414 1144 Lex
442 1114 575 1145 tamen
605 1108 681 1146 hoc
712 1107 818 1155 dicit,
849 1109 965 1146 frater
994 1109 1103 1157 quod
1132 1107 1164 1146 si
1193 1115 1283 1146 tuus
1313 1115 1423 1156 erret,

331 1171 506 1222 Corripe,
538 1171 593 1210 sic
622 1180 660 1211 et
689 1186 780 1211 eum
810 1174 871 1211 fac
899 1173 1077 1211 reuenire
1106 1174 1206 1211 deo:
1609 1185 1693 1220 1710

331 1236 372 1275 Si
400 1244 439 1275 te
468 1250 549 1275 non
577 1237 698 1284 audit,
731 1237 796 1276 dic
826 1238 1001 1286 ecclesie,
1034 1245 1092 1276 set
1121 1246 1159 1277 et
1188 1238 1294 1277 illam

331 1302 372 1341 Si
401 1315 482 1340 non
511 1302 647 1341 audire
677 1305 769 1350 vult,
801 1317 875 1341 nec
904 1305 1068 1342 adheret
1097 1303 1143 1351 ei,

332 1367 515 1418 Amplius
544 1367 608 1406 ille
637 1367 708 1406 tibi
737 1369 843 1407 velut
873 1368 1067 1407 Ethnicus
1097 1376 1156 1407 est
1184 1369 1438 1419 reputandus,

333 1434 426 1481 Quo
456 1432 531 1471 sibi
559 1434 610 1471 de
638 1435 755 1484 culpa
783 1447 942 1484 parcere
971 1435 1102 1472 nullus
1131 1434 1262 1472 habet.

332 1497 530 1536 Presbiter
558 1511 650 1548 ergo
679 1498 758 1537 suis
787 1498 974 1537 assistens
1003 1498 1212 1537 cotidianis

332 1563 510 1601 Peccatis
540 1565 649 1602 nullo
677 1563 798 1602 debet
827 1565 978 1602 honore
1007 1564 1105 1602 frui:

332 1629 428 1667 Non
456 1628 528 1667 erit
556 1636 773 1679 exemptus,
805 1642 897 1667 nam
927 1629 995 1679 qui
1024 1643 1155 1679 neque
1183 1629 1267 1668 iura
1295 1635 1459 1677 veretur,

333 1695 428 1732 Non
458 1701 517 1732 est
546 1693 698 1733 iusticie
728 1696 838 1744 quod
867 1694 955 1745 quis
984 1696 1153 1734 honoret
1182 1709 1299 1734 eum:

333 1759 414 1808 Qui
443 1766 580 1798 contra
607 1761 735 1810 legem
764 1759 893 1798 vetitis
922 1760 1203 1811 presumpserit
1231 1760 1297 1808 vti,

334 1824 467 1863 Debet
495 1824 693 1863 concessis
722 1826 808 1875 lege
836 1838 967 1863 carere
996 1825 1122 1863 bonis.
1613 1839 1697 1872 ¹720

335 1890 467 1928 Omne
497 1891 606 1939 quod
635 1891 836 1928 occultum
865 1891 969 1937 latet,
1001 1889 1181 1928 vlteriore
1209 1889 1360 1940 patebit

337 1954 446 2002 Fine,
477 1968 551 1993 nec
581 1962 740 1993 excusat
769 1956 868 1993 ordo
897 1956 959 1993 vel
988 1954 1052 1993 ille
1083 1962 1216 1993 status.

337 2020 428 2069 Dic,
457 2020 532 2058 sibi
561 2019 658 2070 quid
687 2019 807 2058 valuit
836 2027 931 2058 tunc
961 2019 1168 2058 excusacio
1198 2021 1299 2068 ficta,

338 2087 447 2123 Dum
477 2084 579 2123 foliis
609 2084 673 2123 fici
702 2098 743 2124 se
773 2087 875 2124 male
904 2085 998 2124 texit
1027 2086 1189 2124 Adam?

338 2150 448 2200 Quid
477 2152 579 2189 valet
607 2158 685 2198 aut,
717 2152 876 2201 culpam
905 2150 1031 2188 carnis
1061 2150 1093 2188 si
1122 2149 1314 2200 presbiter
1342 2150 1480 2188 vmbra

339 2216 535 2266 Contegat
563 2215 647 2266 ipse
676 2215 735 2254 sui
764 2217 884 2254 fultus
913 2216 1064 2253 honore
1094 2216 1249 2254 status?

277 2398 356 2433 Hic
386 2399 533 2433 scribit
557 2400 709 2433 contra
744 2398 825 2434 hoc
862 2399 970 2443 quod
1008 2399 1137 2443 aliqui
1163 2398 1385 2443 presbiteri
1416 2398 1570 2440 dicunt,
1604 2408 1699 2442 qua·

230 2458 327 2492 liter
357 2458 437 2501 ipsi
469 2458 512 2491 in
538 2458 681 2492 carnis
710 2458 917 2493 luxuriam
943 2459 1241 2493 committendo
1266 2467 1352 2492 non
1377 2457 1549 2500 grauius
1574 2456 1700 2492 homi-

231 2517 354 2551 nibus
378 2516 501 2551 laicis
517 2517 638 2551 deum
664 2517 890 2552 offendunt.

393 2603 543 2640 Dicunt
569 2602 784 2652 presbiteri,
814 2616 896 2641 non
924 2610 963 2642 te
991 2609 1159 2653 peccant
1186 2601 1310 2652 magis
1338 2600 1423 2652 ipsi,

345 2669 455 2706 Dum
484 2667 610 2706 carnis
639 2667 741 2706 vicio
770 2669 813 2707 fit
842 2682 913 2707 sua
941 2668 1044 2707 victa
1071 2680 1187 2706 earo:

342 2732 452 2772 Sicut
481 2740 572 2770 sunt
599 2732 665 2771 alii
693 2733 816 2784 fragili
845 2735 896 2773 de
925 2747 1042 2772 carne
1071 2732 1201 2780 creati,

343 2797 451 2836 Dicit
480 2799 589 2847 quod
618 2798 795 2837 membra
824 2798 879 2837 sic
908 2799 1029 2837 habet
1057 2797 1141 2848 ipse
1170 2810 1250 2835 sua.
1616 2809 1700 2845 1730

346 2864 464 2902 ‘Sum
493 2864 600 2901 velut
627 2864 724 2902 alter
751 2865 898 2911 homo,'
927 2863 1023 2903 dicit
1054 2866 1144 2901 ‘cur
1172 2869 1267 2901 tunc
1296 2861 1490 2910 mulieres,
