2095 3173
847 196 977 237 VOX
1018 195 1379 238 CLAMANTIS

491 303 614 352 Quod
643 315 806 353 presepe
836 309 955 348 tenet,
986 302 1157 340 hominis
1174 315 1185 349 ;
1223 301 1333 351 quod
1363 307 1439 339 tres
1469 299 1592 338 tribus
1621 312 1744 338 vnum

493 369 730 408 Muneribus
761 369 937 414 laudant,
969 367 1141 405 cernitur
1170 378 1256 404 esse
1286 366 1362 404 dei.

491 437 546 473 Vt
576 436 625 473 sit
656 435 769 483 inops
799 433 923 479 diues,
955 432 1054 470 deus
1083 431 1227 479 infans,
1257 443 1323 469 rex
1352 430 1437 468 sine
1466 431 1580 477 lecto,

493 500 624 538 Laetis
653 511 772 548 opem
803 498 929 547 poscit
958 509 1119 547 pascere
1148 502 1291 534 cuncta
1320 502 1474 544 potens,

494 565 736 614 Hospicium
765 575 930 613 presepe
958 569 1110 609 tenens,
1143 562 1206 599 cui
1236 560 1384 598 fabrica
1413 560 1554 598 mundi

493 632 565 668 Est
594 630 748 676 domus,
781 636 819 667 et
847 629 1044 667 thalamus
1073 628 1195 666 ardua
1225 633 1328 664 tecta
1357 626 1449 675 poli.
1791 640 1857 672 420

493 695 615 733 Venit
644 701 684 732 vt
713 694 857 733 esuriat
886 694 1010 743 panis,
1043 693 1280 742 requiesque
1309 690 1472 737 laboret,

494 762 601 799 Fons
630 760 752 807 siciat,
784 772 907 809 penas
937 759 1061 809 possit
1091 757 1238 796 habere
1268 758 1384 804 salus,

494 827 581 864 Lux
610 825 811 864 obscurari
839 824 1025 871 tenebris,
1057 824 1116 862 sol
1145 824 1233 861 luce
1262 834 1404 869 carere,

495 893 546 929 Et
576 891 799 929 contristari
828 890 962 940 gloria,
993 890 1073 927 vita
1101 890 1223 927 mori.‘

496 958 588 995 Hec
619 957 672 994 ita
701 962 844 1005 sponte
873 956 962 993 tulit
991 954 1149 1004 proprio
1178 959 1403 992 commotus
1432 964 1580 999 amore,

495 1023 549 1059 Vt
578 1021 676 1060 deus
706 1021 746 1058 in
776 1027 910 1058 nostra
939 1032 1056 1058 carne
1085 1024 1263 1057 maneret
1292 1018 1427 1056 homo.

495 1087 604 1126 Sicut
634 1086 764 1125 Adam
794 1086 937 1135 fragilis
969 1086 1012 1123 fit
1041 1085 1156 1135 primi
1185 1096 1303 1122 causa
1333 1083 1493 1129 doloris,

498 1153 572 1190 Ille
601 1151 700 1190 deus
730 1152 839 1189 fortis
870 1151 1075 1189 letificauit
1104 1162 1228 1199 opus:

496 1217 626 1267 Culpa
654 1217 793 1266 prioris
823 1216 912 1255 Ade
941 1222 1149 1254 nascentes
1178 1215 1356 1253 vulnerat
1385 1225 1538 1260 omnes,

497 1283 639 1321 Donec
668 1288 780 1320 sanet
809 1294 877 1320 eos
906 1281 1012 1319 vnda
1040 1280 1242 1330 sequentis
1271 1279 1371 1317 Ade.
1793 1292 1859 1324 430

498 1348 652 1385 Primus
682 1347 814 1385 Adam
842 1346 999 1396 pecudi,
1031 1345 1180 1384 volucri
1209 1345 1437 1383 dominatur
1466 1349 1505 1382 et
1534 1343 1664 1392 angui,

496 1411 579 1451 Sub
608 1412 711 1462 pede
739 1419 874 1450 noster
901 1411 1021 1450 habet
1050 1417 1193 1449 cuncta
1223 1410 1421 1449 secundus
1451 1409 1595 1447 Adam.

496 1478 696 1526 Tempore
725 1477 941 1515 descensus
970 1477 1090 1515 veteri
1120 1476 1192 1513 fuit
1220 1475 1272 1514 ad
1301 1475 1390 1513 loca
1418 1474 1551 1521 flendi,

496 1542 563 1580 Ad
592 1542 679 1580 loca
707 1541 909 1591 gaudendi
938 1541 1000 1579 lex
1030 1553 1136 1578 noua
1165 1540 1256 1578 fecit
1286 1540 1369 1577 iter.

497 1608 551 1645 Vt
582 1607 637 1645 sic
667 1606 801 1645 credat
830 1606 953 1643 homo
982 1606 1065 1644 fore
1095 1605 1164 1654 qui
1193 1605 1275 1642 vult
1304 1604 1436 1642 saluus
1465 1609 1631 1653 oportet,

499 1673 587 1711 Nec
615 1671 712 1710 sciat
741 1671 901 1710 vlterius
931 1683 1051 1721 quam
1080 1670 1155 1708 sibi
1185 1670 1284 1708 scire
1313 1669 1416 1707 licet.

436 1846 515 1880 Hie
534 1845 634 1880 dicit
652 1845 760 1889 quod
778 1845 951 1889 quilibet
967 1845 1090 1880 debet
1106 1845 1281 1880 firmiter
1304 1844 1483 1886 credere,
1501 1854 1578 1879 nec
1597 1844 1711 1879 vltra
1735 1854 1859 1888 quam

392 1904 510 1939 decet
536 1905 787 1948 argumenta
811 1903 906 1939 fidei
931 1904 1203 1947 inuestigare.

262 2002 390 2052 Capm.
415 2002 463 2039 ix.

555 2002 659 2040 Cum
689 2002 788 2039 deus
818 2013 865 2040 ex
894 2001 1044 2039 nichilo
1072 2000 1257 2050 produxit
1285 2000 1337 2039 ad
1366 2012 1453 2039 esse
1481 2005 1622 2046 creata,

503 2065 596 2113 Ipse
625 2064 724 2102 deus
754 2064 860 2101 solus
891 2070 930 2101 et
960 2064 1045 2101 sine
1075 2070 1174 2101 teste
1203 2063 1287 2100 fuit.

501 2130 555 2167 Vt
584 2129 691 2166 solus
720 2129 849 2166 facere
877 2128 1011 2174 voluit,
1044 2128 1100 2165 sic
1129 2128 1227 2165 scire
1254 2127 1414 2165 volebat

502 2193 632 2240 Solus,
661 2199 700 2230 et
728 2193 806 2229 hoc
835 2192 933 2229 nulli
963 2192 1212 2240 participauit
1241 2203 1354 2240 opus.
1796 2206 1861 2238 440

502 2257 690 2295 Materies
720 2256 838 2302 nulla,
871 2255 1025 2293 subtilis
1055 2256 1190 2302 forma,
1222 2255 1437 2304 perhennis

502 2321 709 2371 Compago
738 2327 871 2358 nostre
899 2320 954 2357 nil
983 2320 1150 2357 racionis
1179 2319 1310 2358 habet.

502 2385 638 2425 Subde
667 2392 776 2424 tuam
806 2385 899 2423 fidei
928 2391 1115 2431 mentem,
1147 2385 1239 2434 quia
1268 2384 1404 2422 mortis
1433 2396 1574 2434 ymago

503 2451 653 2490 Iudicis
683 2451 806 2489 eterni
835 2450 990 2488 mistica
1019 2450 1118 2488 scire
1147 2450 1308 2499 nequit:

502 2516 688 2555 Letitiam
716 2516 856 2562 luctus,
887 2527 992 2553 mors
1016 2515 1148 2560 vitam,
1178 2514 1322 2564 gaudia
1350 2513 1475 2561 fletus,

505 2582 599 2619 Non
628 2587 784 2628 norunt,
817 2592 891 2618 nec
919 2592 997 2629 que
1027 2586 1118 2617 sunt
1148 2579 1304 2617 deitatis
1333 2579 1479 2618 homo:

506 2647 599 2684 Non
628 2645 790 2684 tenebre
820 2646 945 2683 solem
973 2645 1145 2694 capiunt,
1177 2657 1259 2682 non
1288 2645 1437 2682 lumina
1465 2656 1593 2692 cecus,

507 2710 652 2748 Infima
680 2722 792 2748 mens
821 2710 994 2748 hominis
1023 2721 1097 2747 nec
1125 2709 1231 2758 capit
1258 2709 1336 2746 alta
1365 2708 1440 2747 dei.

505 2775 663 2823 Nempe
691 2774 789 2812 sacri
817 2774 932 2812 flatus
959 2774 1175 2812 archanum
1204 2772 1340 2811 nobile
1368 2786 1574 2823 nunquam

506 2839 677 2877 Scrutari
706 2838 841 2886 debes,
872 2838 981 2888 quod
1009 2844 1213 2888 penetrare
1242 2838 1393 2888 nequis.
1795 2851 1858 2884 450
