2095 3173
153 309 282 359 Capm.

152 439 282 488 Capm.

152 764 271 813 Capm

154 959 272 1009 capm

154 1287 282 1335 Capm.

154 1547 272 1596 Capru

156 1875 288 1923 Capu).

157 2394 276 2443 Capm

580 203 892 244 CAPITULA
931 201 1103 243 LIBRI
1148 201 1327 242 PRIMI
1727 217 1752 256 5

315 308 404 346 xiiii.
438 309 519 346 Hic
539 314 677 346 tractat
707 309 928 347 secundum
947 308 1141 347 visionem
1162 309 1333 358 sompnii
1361 309 1471 358 quasi
1500 321 1568 358 per
1589 310 1751 359 figuram

367 373 418 411 de
438 379 564 411 morte
585 373 881 412 Cantuariensis
901 373 1211 423 Archiepiscopi.

312 450 372 475 xv.
403 438 483 475 Hic
508 443 646 475 tractat
671 438 830 476 vlterius
858 438 1079 476 secundum
1102 438 1295 476 visionem
1325 437 1495 487 sompnii
1523 438 1573 477 de
1599 439 1755 477 diuersa

367 502 649 551 persecucione
665 509 703 540 et
723 502 935 549 occisione,
955 515 1052 552 quas
1074 503 1112 539 in
1134 503 1239 540 dicta
1260 502 1431 541 Ciuitate
1453 503 1752 552 quodammodo

367 567 518 616 absque
548 567 623 604 vlla
652 579 723 615 pro
752 573 847 604 tunc
881 567 1114 606 defensione
1149 568 1248 606 furie
1277 568 1512 617 supradicte,
1544 568 1751 617 prodolor1

368 631 577 678 faciebant,
607 638 646 669 et
673 632 838 680 qualiter
867 632 1094 670 huiusmodi
1124 633 1229 671 fama
1254 633 1402 671 vicinas
1429 633 1633 683 perterruit
1663 634 1754 670 ciui-

367 703 478 735 tates.

274 793 282 801 .
304 762 378 800 xvi.
412 763 494 800 Hic
526 762 676 812 plangit
705 763 925 801 secundum
956 763 1149 801 visionem
1180 763 1350 813 sompnii
1385 764 1495 813 quasi
1527 764 1566 801 in
1600 764 1755 813 propria

368 840 536 877 persona
565 828 721 866 dolores
751 840 899 876 eorum,
922 829 989 878 qui
1019 829 1058 866 in
1089 829 1197 866 siluis
1227 836 1265 866 et
1294 829 1491 878 speluncis
1521 841 1589 878 pre
1615 829 1755 867 timore

366 894 555 943 temporis
576 893 677 931 illius
698 893 890 931 latitando
911 905 953 931 se
974 894 1212 932 munierunt.

277 959 395 997 .xvii.
428 959 509 996 Hic
539 959 663 997 eciam
695 959 915 997 secundum
943 959 1136 997 visionem
1163 959 1335 1008 sompnii
1363 958 1548 997 describit
1577 959 1687 1008 quasi
1716 959 1755 995 in

367 1036 535 1074 persona
568 1024 724 1073 propria
757 1024 957 1073 angustias
993 1024 1115 1061 varias
1150 1036 1227 1072 que
1262 1023 1547 1073 contingebant
1581 1024 1654 1061 hiis
1689 1024 1755 1072 qui

368 1097 463 1127 tunc
497 1101 568 1138 pro
602 1089 809 1126 securitate
849 1089 1067 1137 optinenda
1106 1088 1146 1125 in
1185 1089 1341 1125 Turrim
1377 1088 1675 1126 Londoniarum
1715 1100 1756 1126 se

369 1155 570 1201 miserunt,
594 1161 632 1192 et
662 1154 712 1192 de
742 1160 901 1202 ruptura
930 1153 1109 1191 eiusdem
1137 1153 1250 1190 turris
1266 1167 1276 1200 3
1306 1153 1444 1202 figurat
1474 1154 1580 1191 enim
1610 1154 1755 1191 dictam

369 1220 505 1258 turrim
526 1219 692 1257 similem
715 1230 800 1256 esse
822 1218 913 1255 naui
934 1230 1056 1267 prope
1076 1218 1303 1268 voraginem
1325 1218 1425 1256 Cille
1446 1218 1690 1267 periclitanti.

306 1286 406 1324 xviii.
440 1286 521 1322 Hic
542 1284 638 1323 dicit
664 1283 886 1321 secundum
907 1283 1099 1321 visionem
1122 1283 1294 1333 sompnii
1314 1284 1480 1332 qualiter
1500 1290 1608 1320 tanta
1629 1295 1758 1331 super-

368 1349 616 1388 habundauit
645 1354 858 1397 tempestas
888 1348 997 1397 quod
1027 1348 1078 1386 de
1107 1356 1215 1386 certo
1244 1348 1420 1386 remedio
1453 1347 1604 1397 absque
1638 1360 1756 1385 manu

369 1414 505 1453 diuina
538 1425 677 1451 omnes
712 1413 752 1450 in
786 1413 892 1450 dicta
926 1413 1018 1450 naui
1051 1413 1277 1460 hesitarunt,
1310 1420 1349 1451 et
1378 1413 1496 1451 deum
1534 1425 1649 1462 super
1683 1413 1758 1450 hoc

368 1480 554 1529 precipue
576 1477 741 1528 quilibet
762 1490 876 1516 sexus
897 1478 1056 1528 ingenui
1078 1478 1269 1517 deuocius
1289 1477 1486 1517 exorabat.

276 1576 285 1584 .
306 1546 381 1583 xix.
413 1545 493 1582 Hic
528 1544 623 1582 dicit
657 1543 880 1581 secundum
916 1543 1109 1581 visionem
1149 1543 1321 1592 sompnii
1359 1543 1410 1581 de
1449 1543 1621 1592 quadam
1661 1554 1758 1580 voce

369 1610 505 1649 diuina
525 1610 565 1646 in
586 1608 748 1647 excelsis
768 1608 975 1655 clamante,
999 1614 1037 1646 et
1057 1608 1262 1658 quomodo
1283 1608 1381 1646 deus
1402 1608 1576 1656 placatus
1596 1607 1758 1644 tandem

371 1675 559 1725 precibus
592 1679 846 1723 tempestates
886 1674 1051 1721 sedauit,
1092 1680 1130 1712 et
1174 1673 1380 1722 quomodo
1424 1673 1534 1721 quasi
1575 1673 1613 1709 in
1653 1672 1760 1709 holo-

372 1748 552 1779 caustum
574 1752 644 1789 pro
666 1739 811 1777 delicto
832 1739 987 1777 occisus
1008 1739 1080 1776 fuit
1101 1739 1166 1777 ille
1186 1739 1390 1784 Graculus,
1415 1738 1454 1776 id
1475 1745 1532 1775 est
1552 1738 1757 1782 Walterus,

369 1807 555 1845 furiarum
577 1806 770 1843 dictarum
792 1805 1044 1853 Capitaneus.

312 1886 370 1910 xx.
404 1872 485 1909 Hic
505 1870 677 1920 loquitur
698 1869 829 1907 adhuc
850 1868 900 1906 de
921 1869 1013 1906 naui
1034 1869 1116 1906 visa
1137 1869 1176 1905 in
1198 1868 1386 1917 sompnis,
1412 1867 1452 1905 id
1472 1873 1531 1905 est
1551 1867 1601 1905 de
1627 1873 1760 1904 mente

373 1948 443 1974 sua
463 1936 596 1973 adhuc
617 1933 783 1980 turbata,
807 1940 845 1970 vt
867 1933 898 1970 si
920 1933 1003 1982 ipse
1024 1933 1247 1971 mentaliter
1267 1931 1542 1980 sompniando,
1561 1931 1671 1980 quasi
1692 1942 1760 1979 per

370 1986 514 2038 nauem
543 1999 656 2037 variis
680 1997 806 2036 ventis
833 1997 917 2035 sine
943 1997 1211 2046 gubernaculo
1236 1996 1432 2045 agitatam,
1455 2007 1594 2033 omnes
1621 1995 1759 2032 mundi

372 2073 501 2116 partes
528 2077 600 2114 pro
626 2075 724 2113 pace
749 2063 893 2101 mentis
921 2062 1131 2100 scrutanda
1158 2062 1442 2110 inuestigasset‚
1464 2067 1503 2099 et
1528 2060 1689 2098 tandem
1720 2060 1758 2097 in

372 2137 502 2181 partes
525 2128 729 2167 Britannie
750 2128 925 2174 Maioris,
949 2126 1014 2165 vbi
1035 2139 1120 2165 raro
1141 2139 1215 2176 pax
1236 2132 1306 2173 est,
1328 2125 1424 2164 dicit
1445 2137 1486 2163 se
1512 2125 1757 2175 applicuisse.

373 2196 482 2234 Dicit
512 2194 637 2233 eciam
669 2194 836 2243 qualiter
864 2205 937 2231 vox
964 2193 1004 2230 in
1033 2193 1212 2242 sompnis
1239 2191 1312 2229 sibi
1343 2191 1510 2228 iniunxit
1539 2190 1647 2239 quod
1677 2190 1759 2239 ipse

371 2261 537 2299 omnino
577 2258 762 2297 scriberet
783 2270 830 2296 ea
851 2270 928 2307 que
949 2258 1000 2296 de
1021 2257 1173 2296 mundo
1189 2257 1229 2295 in
1250 2257 1317 2295 illo
1337 2255 1525 2294 scrutinio
1542 2255 1701 2294 vidisset
1722 2262 1759 2293 et

372 2326 547 2364 audisset
561 2339 571 2373 3
601 2331 639 2362 et
660 2324 712 2362 ita
731 2323 962 2361 terminatur
982 2323 1220 2372 sompnium.

281 2421 288 2430 .
311 2391 386 2430 xxi.
419 2391 500 2428 Hic
521 2389 649 2428 reddit
664 2388 829 2438 vigilans
849 2389 996 2438 gracias
1018 2388 1107 2435 deo,
1125 2387 1193 2436 qui
1214 2398 1305 2424 eum
1321 2385 1361 2423 in
1382 2385 1558 2434 sompnis
1577 2396 1600 2422 a
1620 2384 1758 2433 pelago

374 2455 565 2494 liberauit.
1002 2457 1010 2465 '

562 2568 819 2616 Expliciunt
846 2567 1056 2616 Capitula
1083 2567 1187 2604 libri
1215 2565 1359 2612 primi.
