2095 3173
338 218 386 245 12

339 790 468 839 Capm.

340 1050 470 1099 Capffi.

341 1377 472 1425 Capm.

345 1572 475 1620 Capin-

347 1702 477 1750 Capm.

349 1962 479 2011 Capm.

353 2221 484 2270 Capm.

353 2418 485 2466 Capru.

355 2592 485 2640 Capru.

872 206 1003 247 VOX
1043 205 1403 246 CLAMANTIS

552 313 704 351 virtutis
734 325 821 351 esse
848 311 1028 351 solebant
1055 324 1077 349 a
1106 312 1215 349 viciis
1245 311 1357 361 quasi
1386 311 1618 361 generaliter
1644 309 1936 350 subuertuntur.

555 378 662 415 Dicit
682 384 815 415 tamen
837 376 947 426 quod
969 376 1190 414 secundum
1211 376 1404 425 quasdam
1427 376 1601 414 Burnelli
1629 376 1940 415 constituciones

553 442 636 480 istis
657 442 843 492 precipue
864 439 1005 479 diebus
1027 440 1170 478 modus
1191 447 1230 479 et
1250 441 1381 490 regula
1402 441 1610 490 specialius
1632 439 1902 479 obseruantur.

718 533 974 580 Expliciunt
1002 532 1212 582 Capitula
1241 533 1342 570 libri
1372 533 1535 580 quarti.

747 696 972 743 Incipiunt
1002 696 1213 743 Capitula
1240 697 1343 734 libri
1373 696 1537 746 Quinti.

493 790 516 826 i.
548 790 765 839 Postquam
795 789 947 827 dictum
977 796 1036 827 est
1067 789 1118 827 de
1148 790 1221 827 illis
1252 790 1319 839 qui
1347 791 1386 827 in
1415 797 1516 828 statu
1547 789 1651 828 Cleri
1678 800 1812 838 regere
1839 788 1946 837 spiri—

555 855 675 892 tualia
702 854 905 902 deberent,
929 854 1145 893 dicendum
1173 861 1232 892 est
1253 855 1330 892 iam
1352 855 1402 893 de
1423 855 1498 893 hiis
1519 856 1586 904 qui
1610 855 1650 892 in
1671 861 1774 892 statu
1796 853 1946 891 Milicie

555 920 786 969 temporalia
813 920 1028 958 defendere
1056 926 1094 957 et
1122 927 1352 969 supportare
1381 926 1575 958 tenentur.
1636 920 1688 957 Et
1714 919 1842 968 primo
1869 919 1947 957 dis-

556 985 698 1034 tinguit
719 998 867 1032 causas,
890 997 937 1023 ex
958 984 1103 1034 quibus
1126 985 1225 1022 ordo
1248 985 1430 1022 Militaris
1450 985 1554 1034 cepit
1575 985 1776 1034 originem.

494 1051 530 1088 ii.
564 1051 646 1088 Hic
676 1051 849 1100 loquitur
876 1050 1045 1100 qualiter
1072 1050 1196 1097 miles,
1226 1051 1293 1099 qui
1321 1050 1362 1087 in
1386 1050 1560 1088 mulieris
1587 1061 1763 1087 amorem
1792 1047 1948 1087 exarde-

557 1128 670 1153 scens
701 1128 749 1154 ex
767 1115 1101 1165 concupiscencia
1129 1127 1329 1152 armorum
1360 1127 1402 1153 se
1431 1115 1606 1164 implicat
1627 1114 1830 1160 exercicio,
1860 1124 1949 1150 vere

557 1181 684 1219 laudis
711 1181 904 1219 honorem
927 1180 980 1219 ob
1005 1181 1082 1218 hoc
1110 1180 1336 1218 nullatenus
1361 1188 1542 1218 meretur.
1604 1178 1802 1218 Describit
1822 1178 1948 1216 eciam

558 1246 803 1285 infirmitates
837 1246 982 1284 amoris
1021 1246 1135 1293 illius,
1176 1246 1288 1283 cuius
1328 1246 1532 1295 passiones
1571 1245 1686 1283 variis
1723 1243 1948 1282 adinuicem

558 1311 733 1349 motibus
754 1312 924 1349 maxime
945 1311 1243 1348 contrariantur.

495 1376 548 1414 iii.
581 1377 662 1413 Hic
693 1376 880 1414 describit
910 1376 1077 1414 formam
1108 1376 1282 1414 mulieris
1316 1376 1507 1425 speciose,
1539 1388 1586 1414 ex
1616 1375 1726 1412 cuius
1759 1372 1945 1421 concupi-

559 1442 716 1480 scencia
750 1442 960 1491 illaqueata
994 1441 1164 1479 militum
1199 1441 1320 1479 corda
1355 1441 1522 1479 racionis
1561 1441 1708 1479 iudicio
1747 1438 1952 1488 sepissime

560 1507 837 1545 destituuntur.

500 1572 565 1610 iiii.
599 1573 680 1609 Hic
700 1572 874 1621 loquitur
898 1571 1020 1621 quod,
1041 1571 1106 1609 vbi
1128 1572 1166 1608 in
1189 1572 1313 1609 milite
1333 1572 1543 1609 mulierum
1565 1570 1793 1609 dominatur
1808 1569 1952 1606 amoris

562 1637 754 1685 voluptas,
777 1648 939 1675 omnem
962 1636 1001 1673 in
1022 1648 1071 1674 eo
1091 1648 1182 1674 vere
1203 1636 1408 1685 probitatis
1430 1636 1618 1673 miliciam
1639 1634 1841 1684 extinguit.

499 1715 532 1739 v.
564 1702 645 1739 Hic
673 1702 846 1751 loquitur
874 1702 924 1740 de
945 1701 1134 1739 militibus
1162 1701 1247 1748 illis,
1269 1713 1439 1750 quorum
1467 1713 1566 1739 vnus
1595 1708 1754 1749 propter
1780 1698 1954 1736 mulieris

562 1779 750 1814 amorem,
773 1768 871 1805 alter
890 1773 1049 1815 propter
1065 1767 1224 1803 inanem
1245 1766 1384 1804 mundi
1407 1767 1564 1812 famam,
1581 1777 1778 1802 armorum
1800 1762 1954 1801 labores

564 1838 744 1879 exercet3
785 1832 874 1869 finis
908 1838 1042 1869 tamen
1077 1831 1278 1880 Vtriusque
1312 1830 1464 1880 absque
1493 1830 1629 1868 diuine
1658 1829 1785 1867 laudis
1815 1828 1956 1866 merito

567 1909 714 1934 vacuus
736 1896 954 1945 pertransit.

502 1961 551 2000 vi.
586 1962 667 1999 Hic
687 1962 861 2011 loquitur
881 1961 1036 1999 interim
1058 1961 1108 1998 de
1128 1961 1486 1999 commendacione
1512 1960 1685 1998 mulieris
1705 1959 1822 2006 bone,
1845 1957 1956 1995 cuius

567 2026 818 2064 condicionis
834 2027 955 2064 virtus
971 2025 1188 2075 approbata
1205 2038 1344 2063 omnes
1361 2026 1499 2064 mundi
1514 2026 1676 2064 delicias
1691 2022 1932 2062 transcendit
1950 2036 1956 2059 :

569 2091 746 2140 loquitur
778 2091 904 2130 eciam
935 2091 986 2129 de
1020 2091 1183 2128 muliere
1218 2091 1331 2137 mala,
1362 2091 1474 2128 cuius
1507 2091 1670 2128 cautelis
1705 2090 1767 2127 vix
1801 2088 1957 2137 sapiens

571 2156 723 2193 resistit.

507 2221 570 2258 vii.
604 2221 686 2258 Hic
708 2220 884 2269 loquitur
917 2220 1084 2269 qualiter
1118 2220 1263 2257 milicia
1293 2219 1395 2258 bene
1429 2219 1621 2269 disposita
1654 2217 1841 2257 omnibus
1873 2217 1958 2255 aliis

569 2285 756 2335 gradibus
791 2284 1111 2335 quibuscumque
1144 2297 1359 2323 commune
1391 2284 1608 2322 securitatis
1638 2290 1783 2334 prestat
1812 2283 1958 2321 emolu-

570 2358 763 2388 mentum.

506 2416 583 2454 viii.
617 2416 698 2453 Hic
723 2415 898 2465 loquitur
926 2415 1094 2464 qualiter
1123 2415 1267 2452 milicie
1297 2413 1527 2463 improbitas
1553 2414 1650 2452 alios
1675 2413 1819 2463 gradus
1845 2425 1959 2463 quos-

569 2492 742 2530 cumque
763 2492 834 2518 sua
853 2480 949 2518 ledit
972 2480 1269 2529 importunitate
1289 2486 1327 2518 et
1347 2479 1524 2518 offendit.

509 2591 561 2630 ix.
593 2591 810 2639 Postquam
839 2589 990 2627 dictum
1018 2595 1077 2627 est
1106 2588 1157 2627 de
1185 2589 1258 2626 illis
1286 2588 1353 2637 qui
1374 2589 1414 2625 in
1442 2595 1544 2626 statu
1571 2587 1728 2625 militari
1753 2599 1835 2624 rem
1864 2584 1959 2635 pub-

572 2655 687 2692 licam
709 2666 863 2693 seruare
884 2653 1033 2692 debent
1055 2654 1216 2700 illesam,
1239 2653 1453 2692 dicendum
1475 2660 1534 2691 est
1554 2653 1631 2690 iam
1652 2652 1703 2690 de
1719 2652 1801 2689 istis
1821 2651 1888 2700 qui
1908 2650 1959 2688 ad

573 2719 684 2757 cibos
705 2726 743 2757 et
764 2727 881 2768 potus
901 2732 972 2769 pro
993 2719 1146 2768 generis
1167 2718 1330 2756 humani
1353 2718 1648 2756 sustentacione
1675 2715 1959 2767 perquirendos

571 2784 806 2833 agriculture
826 2782 980 2823 labores
1001 2782 1132 2822 subire
1152 2790 1345 2821 tenentur.

604 2863 704 2904 After
717 2863 800 2905 Cap.
817 2864 873 2896 viii
890 2875 934 2896 no
949 2869 1041 2906 space
1056 2864 1182 2896 CEGD
1315 2863 1360 2896 ix.
1381 2873 1394 2894 1
1422 2873 1492 2894 rem
1509 2861 1676 2894 bublicam
1696 2861 1720 2893 S
