2095 3173
599 261 787 302 LIBER
826 261 1140 302 SEPTIMUS
1519 275 1598 313 275

242 368 427 406 Striccius
455 367 520 405 hic
549 379 734 406 nummos
764 367 953 405 imbursat
982 373 1020 406 et
1048 373 1164 417 auget
1192 379 1341 414 auarus,

245 433 313 470 Nil
341 432 415 470 sibi
444 439 524 470 tam
553 433 767 478 modicum,
799 433 894 482 quin
924 433 991 470 dat
1020 432 1165 471 habere
1193 433 1355 470 lucrum.

246 497 422 546 Iniungit
450 497 608 546 proprio
636 497 723 535 talis
752 496 897 535 ieiunia
925 497 1060 544 ventri,

246 563 299 600 Vt
328 563 450 611 pariat
478 563 630 600 loculus
659 562 804 600 fercula
832 562 943 611 plura
971 575 1075 600 suus.
1540 576 1602 598 100

248 628 411 665 Ferreus
440 628 504 665 ille
532 634 649 665 tenax
678 640 748 664 sua
777 633 906 665 seruat
934 628 1054 665 corde
1083 628 1213 665 tenaci

248 693 420 742 Propria,
452 693 560 742 quod
590 693 719 730 nullus
749 691 998 741 participabit
1026 693 1081 730 eis
1096 707 1106 741 3

248 757 425 796 Perdidit
454 764 492 796 et
521 758 651 795 cordis
680 758 846 804 clauem,
878 769 955 806 qua
984 758 1066 795 vult
1095 758 1250 807 pietatis

248 823 434 862 Officium
465 823 607 869 claudi,
640 835 690 860 ne
719 823 818 860 deus
848 822 965 860 intret
995 821 1063 860 ibi.

249 887 313 926 Sic
342 888 479 937 nequit
508 888 591 936 ipse
621 888 700 925 suis
730 886 804 925 sibi
834 899 989 925 sumere
1017 887 1161 936 gaudia
1190 888 1337 937 questis
1353 902 1362 935 3

249 953 397 991 Omnia
425 953 603 1002 dumque
632 958 751 1000 tenet,
783 965 857 990 nec
886 951 960 990 sibi
990 952 1181 1002 quicquid
1211 952 1341 990 habet.

251 1019 415 1056 Pectora
444 1019 500 1056 sic
529 1018 616 1056 ferri
645 1024 800 1067 gestant
829 1018 1011 1056 homines
1041 1018 1151 1067 quasi
1181 1018 1323 1065 cuncti,

252 1083 360 1121 Dum
389 1090 507 1132 caput
535 1095 558 1120 a
587 1089 713 1121 statua
742 1083 890 1121 decidit
919 1095 1013 1121 ecce
1042 1095 1122 1121 sua.

251 1150 383 1186 Aurea
411 1160 489 1197 que
517 1148 671 1186 fuerant
700 1148 777 1185 iam
808 1148 929 1186 ferrea
959 1154 1137 1197 tempora
1166 1154 1349 1186 constant
1364 1163 1374 1196 3

253 1214 394 1252 Ferrea
421 1213 606 1251 condicio
635 1213 692 1250 sic
720 1220 855 1251 manet
884 1213 1004 1262 inque
1032 1213 1142 1252 viro:
1549 1229 1610 1250 110

253 1280 407 1316 Aureus
435 1284 556 1327 atque
584 1278 728 1316 modus
757 1278 973 1327 probitatis,
1004 1290 1123 1327 quem
1153 1279 1359 1317 coluerunt

254 1344 400 1388 Patres,
430 1355 536 1380 nunc
565 1343 712 1392 cupido
742 1343 894 1392 deperit
923 1355 1016 1381 ecce
1044 1343 1178 1381 modo.

309 1409 402 1446 Plus
431 1409 594 1457 cupiens
625 1408 742 1446 miser
771 1415 839 1455 est,
872 1420 953 1446 non
983 1408 1049 1457 qui
1079 1408 1211 1446 minus
1241 1409 1394 1458 optinet
1409 1423 1420 1457 5
1458 1409 1581 1447 immo

256 1474 336 1522 Qui
366 1472 440 1511 sibi
469 1480 680 1511 contentus
710 1480 778 1520 est,
811 1473 931 1512 habet
960 1474 1045 1522 ipse
1075 1474 1180 1511 satis.

256 1539 402 1576 Diuitis
431 1545 563 1576 autem
595 1538 760 1576 diuicias
791 1551 872 1576 non
902 1539 1090 1588 dampno,
1122 1546 1181 1576 set
1210 1539 1294 1578 illas

257 1603 460 1654 Approbo,
491 1604 523 1642 si
552 1605 695 1642 dentur
723 1605 885 1653 quando
914 1605 1074 1654 requirit
1102 1617 1227 1654 opus:

257 1670 350 1708 Non
380 1670 472 1719 quia
501 1669 614 1707 diues
644 1668 764 1707 habet
793 1682 990 1717 nummos,
1022 1670 1256 1719 culpabitur,
1287 1670 1411 1709 immo

257 1735 307 1773 Se
336 1735 428 1784 quia
457 1747 531 1772 nec
559 1735 694 1772 fratres
723 1747 804 1772 non
834 1736 942 1773 iuuat
972 1735 1066 1773 inde
1095 1748 1197 1773 suos.

258 1800 299 1838 Si
328 1800 403 1837 sibi
431 1800 536 1849 larga
564 1812 705 1837 manus
734 1801 844 1847 foret,
876 1800 981 1838 vnde
1009 1808 1160 1849 pararet
1189 1801 1319 1850 egenti

259 1865 427 1911 Partem,
458 1870 553 1902 tunc
582 1864 699 1902 laude
728 1877 958 1902 mammona
986 1865 1105 1914 digna
1134 1866 1259 1903 foret:
1555 1880 1617 1903 120

260 1930 311 1967 Se
340 1936 473 1967 tamen
503 1929 607 1967 vnde
636 1929 745 1967 iuuet
774 1930 870 1967 alios
900 1930 972 1976 vel,
1004 1930 1116 1967 diues
1146 1930 1186 1966 in
1215 1928 1311 1968 orbe

260 1994 337 2031 Vix
366 1994 486 2032 hodie
515 1993 622 2040 viuit‚
655 1994 722 2042 qui
752 1993 826 2031 sibi
856 2000 985 2032 seruat
1014 2006 1120 2043 opes.

263 2059 411 2104 Sermo,
445 2059 579 2096 ‘Tene
608 2059 718 2107 quod
747 2058 894 2106 habes,'
923 2059 990 2108 qui
1021 2059 1202 2097 scribitur
1231 2060 1469 2109 Apocalipsi,

264 2124 350 2161 Iam
380 2135 451 2160 sua
480 2123 668 2172 completi
697 2123 780 2161 iura
809 2124 950 2173 vigoris
978 2123 1123 2162 habet:

265 2189 352 2226 Iam
382 2200 487 2225 noua
516 2195 607 2225 sunt
636 2188 754 2226 silicis
784 2189 932 2226 circum
961 2189 1167 2238 precordia
1195 2202 1306 2238 vene,

265 2254 317 2291 Et
345 2253 513 2302 rigidum
543 2253 630 2290 ferri
659 2254 811 2291 semina
839 2261 976 2303 pectus
1008 2253 1139 2292 habet.

266 2318 452 2367 Pauperis
482 2330 528 2356 ex
558 2319 729 2356 clamore
759 2331 879 2357 sonos
908 2332 989 2357 non
1019 2320 1195 2369 percipit,
1227 2320 1352 2359 immo

266 2383 391 2421 Diues
420 2383 460 2420 in
489 2383 626 2421 auditu
655 2384 813 2433 fingitur
841 2396 926 2422 esse
955 2385 1062 2434 lapis.

266 2449 444 2497 Tempus
474 2448 544 2486 erit
573 2461 654 2497 quo
683 2455 737 2496 tu,
768 2449 835 2498 qui
864 2462 971 2488 nunc
1001 2450 1176 2488 excludis
1204 2457 1375 2499 egentes

270 2512 353 2552 Ibis
382 2513 422 2549 in
451 2519 627 2551 extrema
655 2526 804 2563 pauper
832 2515 986 2563 egendo
1016 2515 1114 2553 loca.
1563 2531 1623 2562 130

268 2578 334 2616 Ad
362 2577 518 2624 ferrum,
549 2579 664 2625 secla,
696 2579 773 2616 iarn
803 2592 872 2617 vos
901 2579 1063 2617 venistis
1092 2579 1144 2617 ab
1173 2591 1279 2628 auro,

269 2643 322 2680 Et
350 2643 473 2692 magis
502 2649 560 2680 est
588 2643 674 2690 vile,
706 2643 840 2682 nobile
869 2644 1059 2694 quicquid
1087 2650 1193 2683 erat:

271 2707 467 2745 Posterior
495 2714 622 2756 partes
652 2716 888 2758 superatque
916 2709 1062 2758 cupido
1091 2709 1249 2758 priores,

271 2772 358 2811 Nec
387 2772 459 2809 scit
486 2772 614 2810 honor
642 2773 796 2821 solium,
827 2774 937 2824 quod
965 2774 1064 2812 solet
1093 2786 1180 2812 esse
1209 2787 1334 2814 suum.

668 2929 728 2959 125
751 2920 1058 2961 circumprecordia
1075 2920 1132 2952 SG

863 2988 890 3015 T
911 2990 931 3016 2
