2095 3173
414 228 491 267 134

882 215 1010 256 VOX
1051 214 1411 258 CLAMANTIS

520 323 703 361 Summas
732 335 814 361 non
843 334 1000 360 summa
1029 328 1279 369 memoratur,
1311 328 1350 360 et
1378 320 1529 372 optima
1556 320 1648 360 vina

522 388 739 437 Plusquam
769 385 905 425 diuina
934 392 1140 436 computat
1169 398 1255 424 esse
1284 399 1415 424 sacra:
1799 400 1884 424 1000

522 451 687 490 Virtutis
717 464 869 489 morem
899 463 992 498 non,
1025 458 1084 489 set
1113 449 1287 489 mulieris
1315 463 1495 490 amorem

523 515 674 566 Querit,
705 523 745 554 et
773 517 851 554 hoc
879 517 966 554 solo
994 522 1161 566 temptat
1188 529 1297 555 arare
1325 516 1422 555 solo.

523 581 587 620 Sic
617 582 746 620 honor
773 594 821 619 ex
850 594 970 620 onere
999 594 1081 620 non
1110 588 1180 628 est,
1212 594 1305 619 nam
1334 582 1456 632 fulget
1485 581 1637 620 honore

525 646 712 696 Corpore,
743 653 802 685 set
831 659 974 697 corpus
1003 659 1085 686 non
1114 645 1296 697 digitabit
1324 659 1437 685 onus.

460 778 538 815 Hic
562 778 745 823 loquitur
771 777 821 814 de
846 778 1037 814 Simonia
1062 779 1330 824 prelatorum,
1349 779 1392 815 et
1417 778 1598 823 qualiter
1620 777 1680 813 hii
1706 777 1888 818 delicati,

414 837 603 874 dicentes
623 848 669 873 se
692 847 786 873 esse
810 837 1045 879 eeclesiam,
1064 838 1160 873 aliis
1176 839 1378 882 grauiora
1399 838 1631 883 imponunt,
1650 838 1693 873 et
1710 836 1891 872 vlterius

414 897 464 931 de
483 906 663 932 censura
677 896 867 931 horribili
883 896 1018 931 laicos
1035 906 1113 941 pro
1130 896 1294 931 modico
1310 896 1545 941 impetuose
1563 896 1778 932 infestant.

281 980 409 1028 Capm.
432 976 493 1016 xii.

587 978 704 1025 Ecce,
735 977 812 1016 deo
841 984 953 1025 teste,
983 976 1040 1016 vir
1068 976 1137 1028 qui
1165 990 1248 1016 non
1276 976 1394 1016 intrat
1422 976 1528 1016 ouile

532 1044 605 1082 Per
633 1050 798 1093 portam,
830 1043 929 1081 latro
958 1043 1099 1093 furque
1128 1049 1287 1081 notatur
1315 1055 1374 1081 eo.

529 1107 593 1147 Sic
622 1115 661 1146 et
689 1107 730 1145 in
760 1107 968 1147 ecclesiam
997 1114 1204 1158 promotus
1234 1121 1303 1158 per
1332 1106 1552 1147 Simoniam

530 1173 681 1220 Clerus,
710 1172 856 1211 furtiuo
886 1186 927 1212 se
955 1172 1053 1224 gerit
1080 1172 1175 1212 inde
1204 1174 1355 1221 modo;

531 1239 617 1277 Nec
648 1238 755 1277 bona
783 1239 834 1277 de
863 1239 967 1277 furto
996 1239 1174 1277 conferre
1203 1237 1408 1289 placencia
1437 1237 1570 1278 Cristo

531 1303 631 1352 Quis
661 1305 776 1351 valet,
805 1303 930 1343 immo
958 1304 1057 1343 deus
1086 1303 1197 1354 pellit
1224 1304 1275 1342 ab
1304 1303 1399 1343 inde
1428 1316 1580 1342 manus.
1816 1315 1898 1340 1010

533 1370 638 1419 Ergo
666 1370 770 1407 valet
799 1370 916 1408 fiscus
946 1382 1024 1420 que
1053 1382 1136 1407 non
1164 1370 1247 1407 vult
1276 1381 1435 1419 carpere
1466 1367 1618 1408 Cristus
1633 1382 1644 1416 3

532 1434 633 1472 Sunt
662 1433 756 1484 quia
784 1435 998 1482 mundana,
1030 1434 1205 1473 mundus
1234 1433 1399 1473 habebit
1427 1446 1498 1472 ea:

534 1500 722 1550 Namque
751 1512 824 1538 suo
852 1499 936 1539 iure
965 1501 1062 1539 dum
1092 1501 1218 1539 clerus
1247 1499 1432 1547 abutitur,
1465 1498 1559 1538 inde

535 1564 685 1603 Priuari
714 1564 879 1615 dignum
909 1564 993 1604 iura
1021 1566 1194 1604 fatentur
1222 1578 1325 1604 eum.

534 1630 586 1669 Se
615 1636 731 1668 vocat
759 1629 968 1668 ecclesiam
997 1630 1134 1677 clerus,
1167 1629 1280 1680 quasi
1309 1628 1469 1677 diceret,
1501 1628 1609 1667 illam

535 1696 630 1734 Non
659 1702 793 1745 tanget
821 1694 955 1742 laicus,
987 1702 1046 1734 est
1075 1696 1204 1733 honor
1232 1694 1356 1733 immo
1385 1707 1504 1733 suus:

537 1759 603 1799 Sic
631 1761 754 1799 fastus
783 1760 876 1799 cleri
904 1759 1110 1798 communi
1139 1759 1341 1798 iustificari

539 1826 634 1864 Non
663 1826 746 1863 vult
775 1824 940 1873 iusticia,
972 1832 1031 1864 set
1059 1824 1237 1863 latitante
1266 1824 1339 1863 via.

539 1891 590 1929 Se
619 1891 724 1929 leuat
753 1897 792 1929 et
820 1889 992 1940 reliquos
1021 1889 1157 1929 subdit
1185 1890 1404 1941 predatque
1433 1889 1618 1928 subactos

540 1955 656 2006 Legis
686 1955 907 2006 composite
936 1957 987 1995 de
1016 1955 1194 1994 nouitate
1223 1968 1317 1994 sue:
1820 1966 1906 1990 1020

541 2020 606 2060 Sic
635 2022 758 2061 modo
788 2020 862 2059 sub
891 2020 1023 2071 specie
1053 2020 1189 2059 diuina
1217 2033 1337 2059 cerno
1365 2021 1486 2059 latere

544 2088 632 2124 Has
661 2099 829 2136 pompas
858 2085 1009 2132 mundi,
1042 2093 1146 2124 stant
1175 2099 1306 2135 neque
1335 2084 1419 2123 iura
1448 2084 1524 2123 dei.

598 2152 742 2191 Sancta
771 2150 868 2201 quid
897 2150 1065 2190 ecclesia
1093 2158 1152 2189 est
1181 2150 1391 2189 hominum
1420 2149 1496 2188 nisi
1525 2156 1654 2188 turma
1683 2146 1839 2188 fidelis?

542 2216 606 2256 Sic
635 2223 743 2267 patet
770 2222 812 2254 vt
839 2215 973 2263 laicus,
1005 2229 1125 2265 quem
1154 2214 1248 2253 colit
1276 2214 1362 2265 ipsa
1389 2215 1499 2261 fides,

546 2283 616 2320 Est
645 2295 733 2332 pars
762 2280 939 2328 ecclesie,
971 2280 1110 2319 melior
1138 2293 1212 2318 nec
1242 2279 1406 2318 clericus
1435 2278 1531 2330 ipse,

546 2347 599 2386 Ni
629 2346 769 2385 melius
797 2346 915 2385 viuat.
974 2345 1075 2395 Quis
1104 2345 1225 2384 michi
1254 2346 1331 2383 tale
1359 2345 1506 2394 negat?

544 2413 635 2450 Vna
664 2413 774 2460 fides,
805 2425 928 2450 vnum
957 2409 1164 2461 baptisma,
1196 2411 1294 2449 deus
1324 2416 1458 2448 manet
1486 2422 1598 2455 vnus,

547 2477 612 2517 Sic
641 2490 714 2516 nos
744 2476 911 2516 ecclesia
938 2475 1063 2527 iungit
1092 2482 1131 2514 et
1160 2488 1237 2513 vna
1265 2481 1373 2513 tenet
1389 2489 1399 2522 ς

550 2545 601 2582 Et
629 2542 750 2581 veluti
778 2544 902 2581 multa
931 2541 1026 2592 tegit
1054 2554 1131 2579 vna
1158 2539 1304 2578 cortice
1332 2552 1462 2589 grana,

550 2608 614 2647 Sic
643 2608 813 2659 populos
842 2609 972 2658 plures
1002 2605 1148 2656 colligit
1176 2618 1253 2643 vna
1282 2605 1392 2643 fides.
1827 2617 1913 2651 1030

554 2673 731 2712 Ecclesie
760 2680 895 2711 sancte
923 2685 992 2710 cur
1021 2679 1116 2710 tunc
1144 2669 1219 2709 sibi
1248 2683 1396 2708 nomen
1424 2669 1571 2708 habere

553 2740 649 2777 Vult
677 2745 832 2777 tantum
861 2739 998 2784 clerus,
1028 2738 1125 2774 alter
1152 2742 1193 2773 vt
1221 2734 1305 2785 ipse
1334 2736 1462 2773 deus?

554 2803 758 2854 Appendit
787 2802 882 2853 legis
911 2803 1069 2853 pondus
1099 2800 1209 2839 collis
1237 2799 1388 2847 alienis,

555 2869 620 2907 Set
650 2881 731 2907 non
761 2869 843 2907 vult
873 2866 1046 2906 humeris
1075 2865 1170 2917 quid
1199 2879 1316 2917 graue
1346 2866 1444 2904 ferre
1473 2864 1553 2904 suis
