2095 3173
499 193 580 243 246

968 191 1098 233 VOX
1140 191 1502 233 CLAMANTIS

663 300 769 346 Rex,
803 309 917 348 puer
945 297 1184 345 indoctus,
1217 297 1421 337 morales
1451 299 1650 349 negligit
1678 306 1819 348 actus,

610 364 661 403 In
692 363 865 414 quibus
894 375 918 401 a
945 374 1095 412 puero
1124 375 1344 402 crescere
1372 365 1528 414 possit
1558 365 1722 405 homo:

607 430 683 468 Sic
712 429 892 467 etenim
921 439 1121 478 puerum
1152 428 1383 467 iuuenilis
1413 430 1585 468 concio
1613 430 1758 479 ducit,

607 494 748 543 Quod
779 494 930 531 nichil
959 493 1236 543 expediens,
1270 494 1331 533 sit
1361 495 1452 533 nisi
1482 495 1617 542 velle,
1649 497 1784 546 sapit.

609 561 711 609 Que
739 560 840 598 vult
869 559 962 607 ille,
994 560 1162 599 volunt
1192 560 1394 599 iuuenes
1425 560 1517 599 sibi
1547 562 1828 610 consociati,

610 625 700 664 Ille
729 623 970 664 subintrat
999 625 1098 673 iter,
1130 625 1298 676 hiique
1327 633 1557 676 sequntur
1585 639 1714 666 eum:
1913 633 1977 673 560

607 691 770 729 Vanus
800 691 952 729 honor
979 703 1125 730 vanos
1155 691 1355 731 iuuenes
1385 693 1500 730 facit
1529 704 1634 732 esse
1663 692 1866 741 sodales,

608 756 746 795 Vnde
775 757 921 806 magis
950 769 1068 795 vane
1096 757 1223 807 regia
1252 764 1379 796 tecta
1407 758 1586 797 colunt.

610 822 692 860 Hii
721 834 913 871 puerum
943 834 1099 872 regem
1129 822 1303 871 puerili
1332 835 1461 862 more
1490 822 1767 871 subornant,

610 887 831 927 Pondera
859 888 1090 926 virtutum
1119 900 1212 938 quo
1241 888 1398 926 minus
1427 889 1528 938 ipse
1556 889 1687 938 gerit.

663 953 782 992 Sunt
812 954 962 992 eciam
991 960 1177 992 veteres
1207 954 1385 1004 cupidi,
1414 954 1494 1004 qui
1524 955 1653 992 lucra
1682 960 1938 1004 sequentes

609 1019 681 1059 Ad
709 1019 844 1070 pueri
874 1019 1101 1069 placitum
1131 1019 1268 1068 plura
1297 1019 1553 1069 nephanda
1582 1019 1770 1058 sinunt:

610 1086 799 1126 Cedunt
828 1085 1061 1135 morigeri,
1094 1085 1290 1123 veniunt
1321 1085 1401 1135 qui
1431 1090 1544 1123 sunt*
1569 1085 1754 1132 viciosi,

610 1150 855 1200 Quicquid
883 1157 927 1189 et
957 1157 1027 1189 est
1056 1150 1169 1188 vicii
1200 1151 1344 1190 Curia
1374 1151 1517 1200 Regis
1547 1148 1703 1189 habet.

610 1218 748 1256 Error
777 1216 835 1254 ad
865 1228 1002 1254 omne
1031 1216 1157 1254 latus
1187 1216 1321 1266 pueri
1351 1216 1615 1266 consurgit,
1647 1221 1692 1254 et
1721 1215 1815 1263 ille,

611 1283 704 1331 Qui
734 1282 849 1320 satis
879 1289 950 1320 est
979 1282 1164 1329 docilis,
1196 1282 1410 1331 concipit
1440 1294 1577 1320 omne
1606 1281 1803 1319 malurn:
1915 1292 1980 1328 570

612 1349 717 1387 Non
747 1347 886 1385 dolus
916 1348 1056 1386 immo
1085 1348 1231 1394 iocus,
1264 1360 1356 1385 non
1386 1346 1513 1385 fraus
1544 1353 1613 1385 set
1641 1346 1792 1396 gloria
1820 1344 1919 1383 ludi

611 1413 728 1451 Sunt
758 1413 931 1462 pueris,
964 1419 1033 1450 set
1063 1413 1105 1451 ei
1135 1425 1235 1451 sors
1265 1418 1358 1450 stat
1386 1411 1557 1450 aborta
1587 1411 1696 1450 doli.

612 1569 696 1607 Stat
725 1581 822 1618 puer
852 1569 1040 1606 immunis
1070 1568 1197 1618 culpe,
1230 1575 1288 1606 set
1317 1568 1385 1617 qui
1415 1568 1565 1617 puerile

613 1635 858 1672 Instruerent
888 1634 1075 1683 regimen,
1108 1646 1189 1671 non
1219 1634 1304 1671 sine
1334 1633 1423 1671 labe
1454 1639 1640 1672 manent:

613 1700 677 1738 Sic
707 1712 788 1737 non
818 1712 884 1737 rex
914 1706 972 1737 set
1001 1699 1213 1737 consilium
1244 1705 1335 1737 sunt
1365 1711 1483 1736 causa
1513 1699 1671 1745 doloris,

615 1765 708 1813 Quo
738 1765 849 1815 quasi
878 1765 1084 1802 communi
1114 1776 1315 1802 murmure
1344 1764 1493 1814 plangit
1523 1765 1678 1802 humus.

613 1832 814 1880 Tempora
843 1837 996 1868 matura
1025 1830 1057 1868 si
1087 1842 1154 1868 rex
1183 1831 1296 1868 etatis
1325 1829 1499 1877 haberet,

613 1896 788 1945 Equaret
818 1894 957 1933 libram
989 1907 1067 1944 que
1097 1895 1220 1933 modo
1250 1895 1332 1933 iure
1361 1902 1490 1933 caret:
1891 1893 1978 1942 560*

615 1961 735 2009 Regis
765 1972 939 2010 namque
967 1960 1112 1998 modus
1140 1960 1237 1998 alios
1267 1960 1504 2008 moderatur,
1535 1966 1575 1999 et
1603 1960 1733 1998 omnis

615 2026 716 2063 Iuris
745 2025 796 2063 ad
825 2025 999 2063 officium
1029 2025 1173 2063 dicitur
1202 2037 1288 2062 esse
1317 2031 1448 2074 caput.

614 2091 655 2129 Si
684 2090 814 2129 bonus
845 2102 931 2128 esse
962 2090 1055 2127 velit
1084 2102 1160 2137 rex,
1192 2090 1248 2127 hii
1278 2091 1345 2140 qui
1376 2096 1468 2127 sunt
1496 2088 1686 2128 bonitatis

614 2155 714 2193 Sunt
744 2155 867 2203 magis
898 2154 1029 2192 edocti
1059 2154 1298 2192 condicione
1327 2153 1460 2193 bona:

615 2221 656 2258 Si
685 2220 812 2258 malus
842 2232 928 2258 esse
957 2219 1060 2267 velit,
1092 2219 1209 2256 simili
1239 2231 1305 2257 rex
1335 2226 1439 2257 sorte
1468 2219 1643 2265 clientes,

616 2286 671 2323 Vt
700 2284 775 2323 sibi
805 2283 1081 2333 complaciant,
1114 2283 1231 2333 eligit,
1264 2290 1387 2330 ornat,
1419 2289 1548 2321 amat:

616 2351 711 2388 Hoc
740 2356 799 2388 set
829 2362 919 2387 eum
950 2349 1074 2398 tangit
1103 2349 1318 2387 discretum
1349 2361 1468 2398 quem
1498 2348 1638 2398 probat
1669 2354 1762 2395 etas,

617 2415 711 2453 Non
740 2427 917 2464 puerum,
951 2414 1043 2464 quia
1072 2419 1167 2451 tunc
1198 2414 1241 2451 fit
1271 2413 1345 2450 sibi
1376 2413 1492 2462 culpa
1522 2414 1652 2452 minor

617 2481 711 2518 Non
741 2487 799 2518 est
829 2487 966 2517 nature
995 2480 1056 2517 lex
1087 2491 1160 2517 nec
1190 2478 1369 2525 racionis,
1400 2486 1440 2516 vt
1470 2478 1568 2517 illud

618 2545 742 2594 Quod
770 2545 965 2583 mundum
994 2544 1091 2582 ledit
1121 2544 1168 2582 sit
1197 2543 1344 2592 puerile
1374 2544 1521 2581 malum
1536 2558 1547 2592 3
1889 2543 1978 2592 570*

617 2611 712 2648 Non
742 2610 868 2657 dolus,
900 2611 1023 2647 immo
1052 2609 1173 2656 iocus,
1206 2621 1287 2646 non
1318 2608 1421 2646 fraus
1451 2615 1510 2647 set
1539 2610 1661 2659 gloria
1690 2610 1785 2657 ludi,

620 2676 720 2712 Sunt
748 2674 890 2724 pueris,
923 2686 996 2712 nec
1026 2673 1080 2712 ibi
1109 2680 1227 2712 restat
1258 2674 1367 2723 origo
1396 2674 1505 2742 mani

618 2809 681 2841 555
706 2801 849 2840 negligit
867 2801 890 2832 S
938 2801 1068 2841 respuit
1085 2799 1279 2831 CEHGDL
1391 2801 1454 2840 564
1477 2800 1599 2831 virtum
1619 2799 1652 2831 H

620 2854 703 2891 561³¹<
729 2863 848 2884 omnes
864 2853 944 2883 TH2
1037 2853 1121 2893 564*
1146 2852 1253 2892 magis
1269 2862 1334 2883 om.
1350 2851 1379 2882 T
1468 2853 1552 2891 566*
1569 2852 1803 2892 complaceant
1821 2851 1869 2883 Ha
