2095 3173
687 198 877 239 LIBER
917 197 1203 248 QUINTUS
1598 213 1679 251 209

318 303 527 352 Numquid
557 309 596 342 et
626 303 710 353 ipsa
738 303 851 342 breui
880 310 1059 354 tempore
1087 316 1188 341 vana
1216 303 1326 353 perit.
1618 312 1681 343 280

373 368 420 416 O,
453 381 522 406 cur
551 369 606 407 sic
636 369 749 408 miles
778 370 918 408 mundi
948 369 1022 408 sibi
1052 369 1179 419 querit
1211 369 1394 416 honores,

318 433 442 472 Cuius
471 434 599 472 honor
627 434 766 472 mundi
797 441 871 472 stat
900 435 985 473 sine
1013 435 1130 473 laude
1159 434 1238 481 dei,

317 498 437 547 Vulgi
466 499 667 548 vaniloqui
696 512 899 538 sermones
928 500 1041 537 miles
1071 501 1264 538 honorem

318 562 467 611 Credit,
500 570 538 602 et
566 565 640 602 hos
670 565 802 613 precio
832 565 968 603 mortis
998 564 1144 603 habere
1172 564 1311 614 cupit?

319 629 386 666 Nil
416 635 549 666 tamen
579 629 663 678 ipse
692 636 807 668 cauet
836 630 932 668 dum
962 630 1130 668 vincitur
1158 643 1180 668 a
1209 630 1383 677 muliere,

318 694 412 742 Quo
441 706 530 732 reus
558 702 651 733 ante
679 695 801 733 deum
831 696 959 745 perdit
988 696 1149 734 honoris
1179 708 1311 745 opem.

318 759 429 807 Quid
458 759 532 798 sibi
562 760 645 798 vult
675 761 790 810 igitur
818 761 985 800 audacia
1014 762 1070 800 sic
1098 762 1279 800 animosa

319 822 459 861 Militis
489 823 528 860 in
558 835 739 870 vacuum,
771 836 849 873 que
878 824 1037 863 racione
1065 826 1204 864 caret?

320 888 424 926 Laus
455 888 607 926 canitur
635 889 786 936 frustra,
818 890 891 927 nisi
922 890 1049 928 laudis
1080 890 1129 928 sit
1157 891 1256 929 deus
1287 896 1450 937 auctor3

320 953 507 991 Dedecus
539 960 597 991 est
626 961 664 992 et
694 954 822 993 honor
851 955 919 1004 qui
948 962 1063 993 sonat
1092 954 1244 1005 absque
1273 955 1365 993 deo.
1618 970 1682 1003 290

321 1019 469 1057 Nescio
499 1019 596 1069 quid
624 1020 752 1058 laudis
780 1020 889 1069 cupit
917 1027 985 1058 aut
1013 1021 1088 1059 sibi
1118 1021 1230 1059 miles
1261 1020 1433 1067 honoris,

321 1085 430 1122 Dum
460 1085 559 1123 deus
588 1085 797 1135 indignum
826 1086 898 1124 scit
927 1086 1010 1124 fore
1038 1086 1166 1124 laudis
1195 1098 1299 1125 eum.

257 1221 336 1257 Hic
377 1223 561 1267 loquitur
607 1223 772 1258 interim
821 1224 871 1258 de
920 1224 1283 1260 commendacione
1331 1224 1515 1260 mulieris
1563 1224 1683 1266 bone,

210 1281 328 1316 cuius
369 1282 628 1317 condicionis
669 1282 807 1317 virtus
849 1282 1085 1327 approbata
1127 1292 1276 1318 omnes
1321 1282 1463 1317 mundi
1512 1282 1684 1319 delicias

210 1399 286 1433 vix
311 1399 485 1443 sapiens
509 1400 686 1434 resistit.

66 1479 217 1528 lCapm.
242 1480 289 1517 vi.
375 1480 466 1518 Vna
494 1480 566 1518 fuit
597 1492 666 1529 per
694 1492 814 1530 quam
844 1480 984 1518 mulier
1013 1480 1111 1518 deus
1140 1481 1242 1518 altus
1270 1480 1321 1519 ad
1350 1492 1440 1529 yma

320 1545 454 1593 Venit,
483 1552 521 1583 et
550 1557 597 1583 ex
627 1546 710 1584 eius
739 1558 857 1583 carne
886 1545 929 1583 fit
958 1546 1043 1595 ipse
1073 1558 1175 1593 caro,

321 1610 444 1649 Cuius
475 1611 626 1648 honore
655 1611 778 1660 magis
807 1610 1006 1649 laudande
1036 1618 1127 1648 sunt
1156 1611 1340 1649 mulieres

322 1676 414 1714 Hee
442 1675 586 1725 quibus
615 1683 674 1714 est
703 1676 844 1714 merito
873 1676 1000 1714 laudis
1028 1676 1205 1725 agendus
1235 1676 1373 1713 honor.

322 1741 385 1778 De
415 1741 577 1778 muliere
605 1739 713 1779 bona
742 1740 849 1779 bona
879 1741 1032 1790 singula
1061 1741 1374 1790 progrediuntur,

322 1805 447 1844 Cuius
477 1806 666 1843 honestus
695 1818 806 1843 amor
836 1806 974 1855 prebet
1003 1807 1146 1843 amoris
1177 1818 1322 1854 opem:

324 1872 504 1909 Preualet
532 1878 695 1920 argento
724 1872 865 1909 mulier
894 1871 1010 1918 bona,
1042 1872 1218 1920 preualet
1247 1883 1354 1918 auro,

323 1937 581 1985 Condignum
610 1936 730 1985 precii
760 1936 895 1985 nilque
923 1935 1066 1974 valebit
1096 1936 1131 1974 ei
1146 1950 1156 1984 ;
1619 1951 1684 1983 300

325 2002 478 2051 Lingua
507 2001 647 2039 referre
677 2001 813 2050 nequit
842 2008 909 2039 aut
939 2001 1109 2039 scribere
1139 2013 1269 2051 penna
1299 2001 1471 2039 valorem

326 2068 437 2114 Eius,
465 2079 584 2115 quam
615 2065 771 2104 bonitas
801 2066 918 2115 plena
948 2066 1091 2105 decore
1120 2073 1242 2104 notat.

325 2131 482 2170 Nobilis
512 2132 551 2168 in
580 2131 701 2181 portis
730 2132 971 2170 reuerendus
1001 2132 1057 2170 vir
1086 2132 1197 2170 sedet
1227 2132 1321 2179 eius,

326 2197 646 2246 Hospiciumque
675 2209 790 2234 suum
821 2197 998 2235 continet
1027 2209 1147 2235 omne
1176 2197 1352 2236 bonum:

325 2261 514 2299 Vestibus
543 2268 732 2299 ornantur
761 2261 907 2309 famuli,
941 2274 1038 2311 quas
1067 2262 1207 2301 ordine
1236 2262 1359 2312 duplo

329 2327 425 2365 Eius
454 2327 494 2365 in
523 2327 660 2365 actiuis
690 2327 762 2365 fert
791 2340 957 2376 operosa
987 2340 1152 2365 manus:

328 2392 427 2431 Ocia
456 2392 562 2429 nulla
591 2405 682 2430 suos
711 2398 906 2441 temptant
936 2392 1152 2430 discurrere
1181 2404 1330 2438 sensus,

328 2458 441 2505 Quos
472 2456 671 2494 muliebris
700 2470 776 2506 ope
806 2463 934 2495 seruat
963 2457 1110 2506 vbique
1138 2456 1276 2506 pudor.

328 2522 393 2560 Sic
421 2521 618 2559 laudanda
647 2521 753 2560 bona
781 2523 929 2560 meritis
958 2529 1016 2560 est
1045 2522 1161 2560 laude
1190 2521 1393 2570 perhenni,

329 2587 462 2635 Quam
492 2587 594 2624 mala
621 2587 753 2636 lingua
780 2587 922 2637 loquax
952 2588 1111 2625 demere
1140 2587 1246 2623 nulla
1275 2592 1415 2634 potest.
1619 2600 1684 2632 310

384 2652 475 2700 Que
503 2658 635 2689 tamen
665 2659 824 2690 econtra
853 2653 993 2690 mulier
1022 2665 1092 2690 sua
1120 2651 1280 2700 gesserit
1307 2656 1405 2697 acta,

330 2717 424 2754 Non
454 2716 544 2754 ideo
573 2717 740 2766 reliquas
769 2717 909 2766 polluit
938 2718 1022 2766 ipsa
1050 2716 1199 2755 bonas:

330 2781 430 2819 Sunt
460 2781 580 2818 nichil
609 2781 673 2819 illa
703 2781 828 2830 probo
857 2794 949 2820 cum
978 2782 1029 2820 de
1057 2781 1227 2819 vecorde
1255 2781 1473 2830 loquamur,

716 2857 776 2887 281
803 2857 852 2889 sic
870 2856 1065 2889 CEHGDL
1110 2856 1139 2887 si
1156 2856 1181 2888 S

78 2896 85 2968 st
281 2910 376 2932 ****
952 2923 975 2949 P

210 1340 496 1376 transcendit:
530 1341 713 1384 loquitur
743 1341 876 1376 eciam
910 1341 960 1376 de
992 1341 1164 1376 muliere
1197 1341 1326 1382 mala,
1355 1341 1472 1377 cuius
1506 1342 1685 1378 cautelis
1736 1348 1741 1353 ·
