2095 3173
368 232 445 272 108

837 230 967 272 VOX
1008 230 1366 272 CLAMANTIS

476 338 697 378 Creuerunt
727 344 785 376 set
815 349 911 386 opes
942 343 980 375 et
1011 349 1134 386 opum
1165 337 1311 375 furiosa
1341 336 1498 386 cupido,

475 403 527 441 Et
556 415 647 440 cum
677 402 906 452 possideant
935 401 1113 450 plurima,
1146 401 1257 450 plura
1286 408 1435 450 petunt.

476 468 575 506 Sunt
606 468 646 505 in
675 468 762 516 lege
790 467 855 504 dei
886 478 1012 516 nuper
1040 466 1164 515 magis
1194 466 1249 503 hii
1278 466 1471 512 meditati,

475 533 637 570 Numen
667 531 723 569 eis
751 531 904 569 vultum
934 531 1100 580 prestitit
1129 530 1234 569 vnde
1263 542 1402 569 suum:

478 598 598 635 Nunc
628 596 752 645 magis
781 596 940 634 intrauit
969 596 1125 634 animos
1155 602 1361 645 suspectus
1391 595 1601 642 honorum,

477 663 539 700 Fit
567 661 745 711 precium
775 661 915 711 dignis,
948 667 1040 699 sunt
1070 673 1201 710 neque
1230 667 1375 698 cuncta
1404 661 1507 698 satis.

478 729 526 766 In
556 726 689 776 precio
717 726 893 776 precium
923 738 1031 763 nunc
1059 732 1129 773 est,
1160 725 1228 764 dat
1255 737 1398 763 census
1428 725 1609 772 honores,

477 791 692 841 Omneque
720 791 928 841 pauperies
958 790 1118 829 subdita
1147 790 1298 828 crimen
1326 789 1458 828 habet.

477 857 580 896 Cum
610 857 783 906 loquitur
811 857 936 903 diues,
968 856 1098 894 omnis
1128 862 1224 893 tunc
1251 855 1387 893 audiet
1415 855 1530 902 auris,

479 922 667 972 Pauperis
697 934 764 960 ore
793 928 928 960 tamen
958 921 1066 958 nulla
1095 920 1253 970 loquela
1280 920 1407 958 valet:

478 988 518 1026 Si
548 993 678 1025 careat
706 999 840 1034 censu,
873 999 1011 1025 sensus
1042 985 1164 1023 nichil
1193 991 1253 1024 est
1282 984 1461 1034 sapienti,

479 1053 634 1092 Census
665 1052 705 1089 in
735 1051 831 1090 orbe
859 1051 983 1090 modo
1014 1050 1196 1089 sensibus
1226 1063 1294 1088 ora
1322 1050 1476 1099 premit.

479 1119 634 1168 Pauper
662 1118 733 1156 erit
762 1118 914 1165 stultus,
945 1117 1119 1167 loquitur
1146 1116 1239 1154 licet
1267 1128 1335 1154 ore
1364 1115 1553 1163 Catonis;

481 1184 607 1222 Diues
631 1183 703 1221 erit
732 1183 901 1232 sapiens,
933 1182 988 1219 nil
1017 1182 1109 1220 licet
1138 1181 1222 1231 ipse
1251 1181 1370 1219 sciat:

480 1249 553 1286 Est
582 1248 622 1286 in
652 1254 870 1298 conspectu
900 1254 1110 1297 paupertas
1139 1247 1225 1284 vilis
1255 1258 1393 1284 eorum

480 1313 781 1362 Cuiuscumque
810 1313 895 1361 viri,
924 1313 973 1351 sit
1002 1313 1093 1350 licet
1123 1311 1207 1361 ipse
1236 1310 1392 1358 bonus;

481 1379 539 1416 Sit
567 1378 658 1416 licet
687 1385 726 1416 et
755 1378 868 1416 diues
897 1389 1081 1427 peruerse
1110 1376 1373 1424 condicionis,

483 1444 643 1481 Horum
673 1443 828 1481 iudiciis
858 1455 940 1481 non
971 1442 1042 1480 erit
1072 1442 1156 1491 ipse
1185 1441 1323 1478 malus.

483 1508 550 1546 Nil
579 1514 692 1553 artes,
722 1507 778 1544 nil
807 1514 922 1556 pacta
951 1507 1062 1553 fides,
1094 1507 1148 1543 nil
1178 1505 1307 1555 gracia
1336 1505 1480 1554 lingue,

485 1573 551 1611 Nil
582 1573 670 1610 fons
700 1573 860 1622 ingenii,
893 1573 947 1609 nil
976 1570 1164 1621 probitas,
1196 1571 1282 1609 sine
1311 1582 1376 1609 re:

485 1637 628 1675 Nullus
658 1637 775 1686 inops
805 1637 988 1686 sapiens;
1027 1636 1092 1675 vbi
1122 1648 1192 1683 res,
1225 1635 1280 1673 ibi
1310 1635 1425 1684 copia
1454 1645 1617 1682 sensus,

484 1703 524 1741 Si
555 1702 680 1751 sapiat
710 1714 871 1751 pauper,
904 1702 959 1738 nil
989 1701 1063 1739 nisi
1094 1713 1245 1750 pauper
1273 1699 1355 1738 erit.

485 1768 619 1816 Quem
647 1767 823 1804 mundus
853 1766 1048 1815 reprobat,
1080 1777 1129 1804 en
1161 1778 1234 1803 nos
1263 1764 1521 1814 reprobamus
1552 1762 1737 1809 eundem,

485 1832 620 1881 thue
649 1831 748 1880 perit
777 1837 911 1880 pereat
940 1830 1180 1880 perdicionis
1210 1841 1335 1879 opus3

487 1897 573 1935 Nos
603 1904 662 1935 set
691 1908 783 1934 eum
813 1897 932 1934 laude
961 1903 1096 1934 nostra
1125 1895 1291 1945 dignum
1321 1901 1564 1944 reputamus,

487 1962 616 2011 Copia
645 1974 765 2011 quem
789 1961 931 1999 mundi
961 1961 1072 1999 duxit
1100 1960 1152 1999 ad
1181 1960 1287 1998 orbis
1317 1972 1438 2009 opes:

488 2027 540 2065 Et
570 2027 625 2064 sic
655 2027 812 2076 prelatis
842 2026 1016 2064 mundus
1046 2025 1237 2075 prefertur
1264 2025 1315 2063 ab
1346 2025 1462 2070 intus,

489 2092 581 2130 Hiis
611 2098 746 2130 tamen
776 2091 945 2129 exterius
975 2091 1135 2140 fingitur
1163 2091 1248 2139 ipse
1278 2090 1388 2128 deus.

544 2156 772 2194 Laudamus
802 2163 966 2204 veteres,
996 2155 1140 2193 nostris
1169 2162 1304 2193 tamen
1334 2154 1477 2192 vtimur
1505 2153 1632 2200 annis,

490 2222 577 2260 Nec
608 2227 720 2259 vetus
750 2221 790 2258 in
820 2220 937 2258 nobis
966 2220 1099 2269 regula
1128 2226 1258 2257 seruat
1287 2219 1384 2257 iter:

491 2287 585 2324 Non
615 2292 711 2324 tunc
740 2285 936 2323 iusticiam
966 2285 1119 2322 facinus
1150 2283 1315 2322 mortale
1343 2283 1505 2333 fugarat,

491 2352 583 2400 Que
612 2363 720 2388 nunc
748 2351 800 2388 ad
829 2362 992 2400 superos
1023 2357 1132 2399 rapta
1161 2349 1319 2398 reliquit
1348 2348 1525 2386 humum.

491 2417 641 2456 Felices
672 2417 806 2454 anime
836 2416 1031 2454 mundum
1060 2427 1235 2463 renuere,
1268 2421 1327 2452 set
1355 2414 1460 2451 intus

493 2483 599 2522 Cura
627 2482 770 2520 domos
800 2493 960 2530 superas
989 2480 1179 2518 scandere
1209 2486 1292 2517 tota
1321 2479 1394 2516 fuit
1410 2492 1421 2526 3

494 2548 587 2585 Non
618 2559 743 2586 venus
772 2553 839 2584 aut
869 2546 1005 2584 vinum
1035 2545 1219 2584 sublimia
1247 2550 1408 2594 pectora
1437 2543 1563 2593 fregit,

494 2612 584 2660 Que
613 2612 736 2662 magis
765 2612 927 2650 interius
955 2611 1193 2660 concupiere
1221 2609 1353 2648 deum.

495 2678 611 2715 Plura
640 2678 774 2715 videre
803 2683 917 2726 potes
947 2676 1069 2714 modo
1098 2682 1157 2714 set
1186 2674 1372 2713 nouitatis
1401 2674 1453 2712 ad
1482 2674 1644 2721 instans,

495 2743 586 2790 Que
615 2743 752 2792 procul
781 2754 804 2780 a
834 2742 952 2780 Cristi
981 2741 1098 2779 laude
1128 2739 1297 2789 superba
1324 2746 1489 2789 gerunt:

496 2808 614 2845 Nunc
646 2807 769 2857 magis
800 2807 910 2845 illesa
940 2812 1099 2845 seruant
1128 2817 1198 2843 sua
1227 2816 1392 2854 corpora
1420 2804 1508 2851 leta,

953 2882 996 2922 58
1019 2881 1130 2922 periat
1148 2879 1278 2912 HCGL

1804 1323 1851 1354 50

1809 1962 1851 1994 60
