2095 3173
692 262 878 303 LIBER
919 261 1162 302 SEXTUS
1581 274 1660 315 271

303 370 369 409 Ad
397 370 615 408 thalamum
645 369 812 408 Veneris
841 367 1018 418 pluribus
1047 375 1138 418 apta
1166 368 1267 406 viris.
1576 384 1659 415 1340

304 436 447 473 Mutua
476 448 568 473 cura
598 435 698 474 duos
729 441 767 473 et
796 446 906 472 amor
935 434 1089 472 socialis
1118 432 1292 471 habebat

303 500 454 549 Nuper,
484 507 522 538 et
552 513 628 538 vna
656 507 790 538 tamen
819 510 926 536 nunc
956 499 1030 537 sibi
1060 499 1237 548 quinque
1265 497 1406 536 trahit:

302 565 356 603 Vt
385 565 466 604 duo
496 566 573 603 sint
601 577 718 603 carne
748 564 864 602 simul
894 576 970 601 vna
999 564 1059 602 lex
1088 564 1199 602 dedit
1227 564 1335 611 olim,

302 630 367 668 Ad
397 631 527 668 minus
556 630 677 679 inque
704 628 829 667 tribus
859 641 966 666 nunc
995 636 1128 667 manet
1157 629 1255 666 ordo
1285 640 1425 666 nouus.

302 695 422 732 Nunc
451 693 561 733 iubet
590 695 674 744 ipsa
702 695 840 732 Venus
870 698 910 731 et
938 693 1058 732 habet
1088 706 1158 731 sua
1187 700 1313 732 castra
1343 693 1515 743 Cupido,

303 760 446 799 Castus
475 766 513 798 et
543 760 594 798 ad
622 771 783 809 presens
812 765 968 807 tempus
996 758 1121 797 abiuit
1149 771 1272 797 amor.

302 825 397 863 Ales
426 824 547 864 habet
575 825 684 875 quod
713 831 819 863 amet
835 839 845 872 3
884 836 976 862 cum
1006 837 1086 874 quo
1116 837 1185 862 sua
1213 824 1357 874 gaudia
1386 824 1533 874 iungat,

304 890 462 928 Invenit
491 890 530 927 in
561 891 692 929 media
720 891 868 930 femina
896 891 1013 941 piscis
1042 902 1170 939 aqua:

303 955 432 994 Cerua
460 968 594 1005 parem
624 956 810 1005 sequitur,
842 968 1000 1006 serpens
1031 961 1211 1004 serpente
1240 960 1418 994 tenetur:

304 1021 468 1058 Femina
497 1022 633 1070 virque
662 1021 777 1060 thoro
807 1028 899 1060 sunt
927 1021 1051 1070 magis
1081 1032 1157 1057 vna
1186 1032 1289 1057 caro.
1578 1033 1662 1066 1350

358 1086 484 1132 Heus,
515 1085 581 1124 vbi
610 1093 724 1135 pacta
752 1087 880 1126 fides?
917 1086 983 1124 vbi
1012 1084 1264 1123 connubialia
1292 1085 1407 1122 iura?

303 1150 523 1199 Responsis
553 1163 677 1198 careO,
710 1164 788 1201 que
817 1153 913 1190 ferat
941 1151 1038 1189 alter
1067 1150 1203 1188 homo.

303 1215 444 1253 Ferrea
472 1215 579 1254 frons
608 1216 691 1253 laus
721 1223 790 1264 est,
823 1216 948 1255 nescit
977 1228 1055 1265 que
1084 1215 1194 1264 signa
1223 1214 1398 1263 pudoris,

303 1280 356 1317 Et
384 1280 512 1329 pudor
540 1293 563 1318 a
591 1281 693 1319 vicio
722 1282 867 1320 desinit
896 1294 982 1320 esse
1011 1281 1165 1330 pudor:

304 1345 437 1393 Quam
467 1345 566 1383 solet
595 1346 715 1395 inque
742 1348 853 1396 genis
883 1359 1020 1384 ornare
1049 1345 1168 1383 rubor
1198 1344 1411 1391 muliebris,

303 1409 470 1459 Absque
499 1410 651 1459 pudore
678 1412 784 1450 malo
813 1412 901 1461 plus
933 1412 1024 1449 furit
1055 1411 1140 1460 ipsa
1170 1410 1264 1448 viro.

303 1476 496 1514 Graculus
526 1476 609 1525 ipsa
639 1477 751 1526 quasi
778 1483 892 1524 tacet,
925 1483 963 1515 et
992 1476 1104 1525 quasi
1133 1482 1240 1513 casta
1269 1473 1459 1513 columba

303 1541 354 1579 Se
381 1541 489 1590 gerit,
521 1548 559 1579 et
588 1542 747 1590 paciens
777 1549 836 1580 est
864 1542 935 1580 tibi
965 1541 1077 1591 spina
1105 1553 1271 1579 rosans:

303 1607 357 1643 Vt
385 1606 542 1644 laticem
571 1606 710 1654 cribro,
742 1608 798 1645 sic
827 1608 867 1645 in
897 1607 1060 1645 muliere
1089 1606 1265 1644 recondo

303 1670 537 1719 Consilium,
568 1679 628 1710 set
656 1685 704 1711 eo
734 1673 832 1711 scire
861 1679 974 1722 potes
1005 1672 1114 1722 quod
1143 1684 1248 1710 amo.
1580 1677 1664 1717 1360

304 1737 414 1774 Dum
444 1737 600 1776 Iesabel
628 1745 763 1788 regnat
791 1737 941 1777 blando
970 1750 1153 1776 sermone
1181 1749 1417 1786 pervngens,

305 1802 386 1850 Qui
414 1802 539 1840 fuerat
570 1804 700 1850 Iosue,
731 1804 890 1842 vertitur
917 1803 982 1840 hic
1012 1803 1052 1840 in
1081 1801 1236 1840 Achab.

305 1867 416 1903 Dum
444 1873 562 1915 caput
591 1867 753 1905 inclinat
781 1867 902 1912 viciis,
933 1867 1006 1905 sibi
1037 1865 1195 1904 subdita
1226 1864 1405 1904 membra

306 1930 580 1968 Succumbunt
608 1931 701 1979 ipsis
731 1931 767 1968 vi
796 1931 858 1969 vel
887 1943 1020 1968 amore
1049 1930 1187 1968 malis:

308 1996 559 2045 Comptaque
588 1996 643 2033 sic
672 1996 780 2033 viciis
811 2002 885 2034 stat
914 1996 1131 2045 florigerata
1160 1995 1353 2044 voluptas,

306 2060 376 2098 Est
405 2072 566 2111 quoque
593 2060 744 2098 virtutis
774 2060 845 2098 flos
875 2060 978 2110 pede
1007 2060 1095 2098 trita
1124 2059 1227 2099 viris.
