2095 3173
434 225 488 263 34

903 210 1035 251 VOX
1077 209 1436 252 CLAMANTIS

542 308 716 356 Auribus
745 319 898 357 audiuit
927 319 1057 355 nullus
1085 318 1137 355 ab
1166 324 1258 356 ante
1287 324 1420 355 status.

597 385 782 433 Cumque
811 396 955 421 canum
986 383 1170 432 strepitus
1201 383 1374 420 Sathane
1405 383 1613 422 descendit
1643 383 1683 420 in
1713 394 1837 429 aures,

544 450 701 488 Gaudet
731 456 769 487 et
799 449 974 486 infernus
1004 449 1054 486 de
1084 448 1261 486 nouitate
1290 448 1389 495 soni,

544 514 740 554 Cerberus
770 526 863 552 ecce
892 514 1000 551 canis
1029 513 1172 551 baratri
1203 520 1417 562 custosque
1446 514 1630 563 gehenne

544 580 705 618 Prebuit
734 580 914 617 auditum
944 579 1044 617 letus
1075 585 1113 617 et
1144 579 1237 616 inde
1267 580 1384 626 furit3

543 647 659 694 Aque
689 657 761 682 suo
791 645 905 692 collo,
938 644 1082 694 quibus
1112 645 1238 683 extitit
1268 645 1351 694 ipse
1380 645 1534 694 ligatus,

545 712 668 759 Ignea
697 710 864 759 disrupit
893 710 1021 748 vincla
1050 710 1179 749 furore
1209 723 1306 758 suo3

543 775 801 824 Exiliensque
830 775 960 812 statim
991 775 1115 813 centri
1145 776 1366 825 penetrauit
1395 774 1563 822 abissos‚

544 842 754 890 Promptus
785 847 823 878 et
853 841 892 877 in
923 847 1043 879 terras
1072 841 1306 879 accelerauit
1337 841 1420 879 iter.

543 907 606 944 Sic
636 907 766 944 socius
796 906 924 953 sociis,
956 906 1012 944 sic
1041 919 1110 955 par
1139 905 1299 956 paribus
1330 906 1511 953 sociatur,

544 972 691 1009 Presuit
720 978 758 1010 et
787 971 953 1009 canibus
983 971 1063 1009 dux
1091 972 1218 1010 malus
1248 972 1332 1021 ipse
1361 971 1502 1019 malis3

545 1039 636 1075 Dux
666 1038 720 1075 ita
748 1043 937 1075 tartareus
967 1037 1117 1075 violens
1146 1037 1363 1075 violencius
1394 1048 1514 1074 omne

543 1104 681 1150 Vertit,
713 1109 752 1140 et
781 1115 827 1140 ex
857 1103 1020 1140 homine
1049 1102 1210 1140 conficit
1239 1102 1324 1152 ipse
1353 1114 1506 1140 canem.

598 1170 788 1218 Dumque
817 1169 925 1206 canis
955 1166 1080 1206 rabidi
1111 1168 1278 1217 sumpsit
1307 1173 1458 1205 mutata
1489 1167 1665 1216 figuram,

544 1235 637 1282 Ipsa
666 1234 806 1272 dolens
838 1232 1011 1271 Hecuba
1040 1246 1122 1271 non
1152 1233 1205 1270 ita
1235 1245 1329 1271 seua
1358 1233 1441 1279 fuit,

543 1299 652 1347 Quin
682 1299 805 1348 magis
835 1298 875 1335 in
905 1298 1071 1336 canibus
1102 1298 1184 1337 istis
1214 1299 1304 1336 furit
1335 1299 1404 1346 ira,
1433 1310 1511 1348 que
1540 1310 1695 1336 morsus

545 1365 681 1413 Figere
710 1376 791 1413 quo
819 1369 1002 1412 poterant
1032 1364 1184 1413 singula
1213 1362 1393 1401 membra
1422 1369 1566 1401 terunt.

545 1429 643 1467 Tale
672 1442 802 1475 caneS‚
835 1429 979 1468 Cadmi
1009 1429 1076 1478 qui
1106 1428 1296 1467 dilaniare
1326 1435 1516 1478 nepotem

541 1496 696 1533 Acteon
727 1494 938 1542 instabant,
970 1507 1052 1532 non
1082 1494 1241 1532 coluere
1271 1494 1434 1543 nephas.

544 1561 617 1598 Ille
645 1561 752 1610 gigas
783 1560 941 1598 Gereon
971 1560 1121 1609 ingens,
1155 1560 1381 1608 Hispannia
1410 1559 1565 1598 dudum

543 1626 675 1674 Quem
705 1626 850 1675 genuit,
882 1625 1012 1674 capita
1041 1625 1141 1663 trina
1170 1625 1312 1662 canina
1340 1637 1490 1674 gerens,

543 1691 635 1728 Non
666 1691 719 1728 ita
748 1691 986 1740 sanguineos
1016 1690 1156 1728 dentes
1187 1690 1238 1728 de
1267 1696 1394 1728 morte
1423 1690 1595 1728 virorum

543 1756 720 1803 Exacuit,
753 1768 827 1794 nec
856 1756 909 1793 ita
938 1755 1098 1804 pestifer
1127 1756 1192 1793 ille
1221 1755 1303 1802 fuit,

543 1821 652 1869 Quin
683 1821 806 1870 magis
835 1822 1009 1859 humana
1039 1827 1184 1870 strages
1214 1820 1436 1858 madefacta
1464 1832 1602 1858 cruore

544 1887 682 1924 Fertur
710 1886 761 1924 ab
790 1886 865 1924 hiis
894 1885 1060 1924 canibus
1090 1886 1140 1924 de
1170 1885 1314 1935 quibus
1344 1886 1428 1935 ipse
1457 1886 1609 1935 loquor.

544 1951 677 1989 Bestia
705 1951 899 2000 pestifera,
932 1963 1058 2000 nuper
1087 1963 1206 2000 quam
1236 1951 1342 1988 misit
1372 1951 1563 1998 Athenas,

544 2018 730 2054 Destruat
760 2023 800 2054 vt
829 2017 948 2064 ciues,
981 2023 1090 2054 mota
1121 2017 1251 2054 Diana
1280 2017 1411 2065 palam

542 2081 660 2119 Vrbis
691 2082 730 2118 in
761 2082 931 2128 exilium,
964 2094 1094 2130 neque
1123 2081 1214 2119 talia
1243 2081 1347 2119 bella
1377 2081 1540 2130 parauit,

546 2147 631 2184 Nec
662 2146 736 2184 sub
766 2159 812 2184 ea
841 2147 939 2184 tanti
969 2145 1216 2195 procubuere
1245 2146 1339 2184 viri:

546 2212 632 2250 Nec
663 2212 829 2261 Cephali
858 2212 967 2249 canis
996 2212 1091 2260 ipse,
1123 2211 1244 2248 feram
1274 2211 1341 2260 qui
1369 2223 1526 2260 prorsus
1555 2211 1606 2250 ab
1636 2212 1730 2250 vrbe

546 2277 723 2326 Depulit‚
755 2278 794 2314 in
825 2277 935 2314 nullo
965 2276 1106 2315 robore
1136 2277 1222 2314 talis
1253 2283 1346 2323 erat,

545 2342 653 2380 Sicut
683 2348 793 2380 erant
824 2342 896 2389 isti,
929 2342 979 2380 de
1010 2354 1178 2391 quorum
1208 2341 1405 2380 morsibus
1435 2342 1565 2380 omnis

546 2407 657 2446 Ciuis
686 2414 724 2446 et
754 2408 949 2457 ingenuus
978 2414 1252 2446 contremuere
1281 2407 1415 2456 magis.

1842 463 1909 494 430

1844 1117 1911 1147 440

1844 1770 1911 1801 450

1844 2415 1910 2454 460

484 2535 561 2570 Hic
586 2535 686 2569 dicit
714 2545 760 2569 se
785 2544 860 2578 per
885 2534 1120 2578 sompnium
1146 2534 1334 2577 quintam
1360 2534 1479 2577 vulgi
1505 2536 1686 2570 turmam
1712 2535 1756 2569 in
1783 2546 1909 2571 mure·

434 2589 552 2631 legos
583 2589 625 2622 et
651 2587 798 2631 vulpes
824 2588 983 2622 vidisse
1009 2588 1238 2621 mutatam:
1276 2587 1376 2621 dicit
1405 2588 1655 2631 murelegos,
1687 2591 1737 2623 vt
1763 2598 1910 2623 seruos

436 2640 715 2681 domesticos;
742 2641 843 2675 dicit
859 2641 1019 2684 vulpes,
1038 2641 1137 2684 quia
1154 2640 1270 2674 fures
1286 2639 1423 2683 ruptis
1440 2641 1593 2684 vbique
1612 2641 1772 2676 Gaiolis
1791 2641 1907 2676 liberi

437 2694 537 2727 tunc
556 2703 629 2727 eos
648 2693 968 2728 comitabantur.

314 2768 442 2817 Capm.
466 2768 514 2805 vi.

601 2767 750 2805 Taliter
778 2768 818 2805 in
849 2768 1026 2817 sompnis
1056 2780 1146 2805 cum
1176 2779 1241 2805 me
1269 2767 1415 2805 vidisse
1444 2774 1656 2816 putassem,

550 2834 664 2872 Visio
693 2834 916 2873 discurrens
946 2846 996 2873 en
1026 2846 1131 2872 noua
1160 2840 1335 2871 monstra
1364 2833 1494 2872 dabat.

801 2918 863 2948 431
890 2908 1042 2940 Iehenne
1058 2908 1086 2940 C
1219 2919 1282 2948 447
1307 2908 1475 2949 hyspania
1491 2909 1550 2940 CE
