2095 3173
0 2563 18 2590 llS

138 511 267 561 Capm.

136 839 264 889 Capm.

134 1036 263 1086 Capm.

133 1298 262 1348 Capm.

131 1560 263 1610 Capm.

130 1887 260 1937 Capm.

130 2149 260 2199 Capm.

129 2345 258 2395 Capm.

569 210 879 252 CAPITULA
920 212 1089 252 LIBRI
1134 212 1318 253 SEXTI
1693 228 1741 267 15

358 318 576 366 extollatur,
608 319 753 368 regiam
781 325 915 356 tamen
942 318 1058 357 decet
1084 319 1354 366 clemenciam,
1378 319 1488 369 quod
1515 319 1598 368 ipse
1625 319 1741 358 bonis

354 384 530 422 moribus
558 384 789 431 inherendo,
813 384 925 434 quasi
952 384 1049 423 liber
1070 384 1144 422 sub
1171 385 1323 423 iusticie
1344 383 1495 434 legibus
1523 396 1564 423 se
1584 391 1622 423 et
1649 397 1740 424 suos

353 449 393 485 in
414 457 577 498 aspectu
599 450 719 500 Regis
739 450 916 488 altissimi
937 450 1096 488 assidue
1115 449 1319 500 gubernet.

291 513 338 551 ix.
374 514 456 551 Hic
500 515 673 564 loquitur
711 515 878 564 qualiter
923 527 989 553 rex
1027 515 1102 552 sibi
1141 516 1245 553 male
1283 515 1536 554 consulentes
1580 516 1740 554 caucius

353 580 511 627 euitare,
548 580 849 629 proditoresque
879 580 987 629 regni
1022 580 1082 618 sui
1117 581 1273 629 penitus
1303 581 1541 630 extinguere,
1577 592 1738 618 suorum

352 643 476 682 eciam
498 645 757 683 condiciones
773 645 1041 683 ministrorum
1058 645 1292 694 diligencius
1310 645 1556 695 inuestigare,
1579 652 1617 684 et
1638 657 1739 695 quos

351 715 458 747 extra
478 709 672 748 iusticiam
694 717 866 749 errantes
887 711 1092 758 inuenerit,
1116 710 1251 749 debita
1279 723 1382 760 pena
1402 711 1595 761 corrigere
1621 710 1740 749 debet

351 781 389 813 et
410 774 630 813 districcius
651 776 850 825 castigare.

284 852 318 878 x,
348 841 430 878 Hic
451 841 546 878 dicit
577 841 686 890 quod
713 854 779 879 rex
806 854 903 879 sano
930 841 1098 879 consilio
1124 841 1322 888 adhereat,
1352 841 1519 880 ecclesie
1545 841 1628 879 iura
1654 853 1740 890 sup-

350 912 480 955 portet
500 912 538 944 et
565 907 696 956 erigat,
725 919 822 956 equs
850 907 889 944 in
918 907 1072 945 iudiciis
1099 914 1137 945 et
1167 907 1343 956 pietosus
1370 906 1518 954 existat,
1548 919 1740 956 suamque

350 971 494 1009 famam
517 972 669 1009 cunctis
691 973 830 1010 mundi
851 971 994 1021 opibus
1015 979 1217 1021 preponat.

286 1036 334 1074 xi.
368 1037 450 1074 Hic
470 1037 644 1086 loquitur
666 1037 833 1087 qualiter
852 1038 998 1087 regiam
1020 1036 1240 1075 libertatem
1255 1037 1294 1074 in
1311 1037 1501 1074 viciorum
1516 1037 1740 1075 nullatenus

349 1102 465 1140 decet
486 1103 660 1141 incidere
681 1103 921 1148 seruitutem,
945 1109 1003 1140 set
1024 1102 1124 1140 sicut
1144 1114 1276 1139 coram
1298 1103 1447 1151 populo
1468 1102 1565 1140 alios
1585 1102 1739 1140 excellit

350 1169 545 1217 potencia,
568 1168 620 1205 ita
641 1180 772 1206 coram
796 1168 872 1206 deo
893 1180 961 1217 pre
981 1167 1120 1205 ceteris
1143 1167 1323 1215 ampliori
1344 1167 1530 1204 virtutum
1552 1167 1739 1205 clarescat

347 1232 639 1272 habundancia.

285 1298 347 1336 xii.
382 1299 463 1336 Hic
497 1299 670 1348 loquitur
703 1299 869 1349 qualiter
902 1311 968 1337 rex
1006 1310 1029 1336 a
1063 1309 1133 1336 sue
1167 1297 1294 1334 carnis
1328 1297 1530 1346 voluptate
1565 1296 1739 1335 illicebra

347 1364 568 1413 specialiter
588 1376 630 1402 se
650 1364 770 1403 debet
797 1364 1005 1410 abstinere,
1028 1370 1066 1402 et
1093 1361 1167 1400 sub
1194 1375 1302 1400 sacre
1323 1362 1418 1412 legis
1447 1363 1738 1400 constitucione

346 1436 505 1479 propter
531 1430 709 1468 diuinam
739 1430 930 1469 offensam
962 1441 1032 1467 sue
1061 1428 1240 1477 coniugis
1269 1435 1424 1466 tantum
1454 1428 1561 1466 licito
1591 1428 1738 1465 fruatur

345 1496 564 1534 consorcio.

294 1560 370 1598 xiii.
404 1561 486 1598 Hic
515 1561 687 1610 loquitur
716 1567 754 1599 et
788 1562 901 1610 ponit
935 1561 1147 1611 magnifico
1181 1559 1259 1597 iam
1292 1559 1392 1608 Regi
1425 1565 1560 1597 nostro
1593 1560 1736 1599 queni

345 1638 471 1675 nuper
500 1626 736 1665 serenissimi
768 1627 959 1677 Principis
987 1626 1105 1676 patris
1136 1626 1195 1663 sui
1226 1625 1418 1673 exempla,
1450 1624 1587 1662 dicens
1614 1627 1735 1674 quod,

344 1690 411 1729 vbi
432 1699 470 1729 et
491 1692 653 1741 quando
675 1693 920 1730 necessitatis
942 1692 1038 1730 illud
1061 1692 1179 1741 exigit
1201 1691 1377 1736 facultas,
1401 1702 1466 1727 rex
1487 1697 1624 1728 contra
1645 1704 1737 1729 suos

344 1757 479 1795 hostes
499 1769 697 1795 armorum
715 1757 931 1806 probitates
947 1758 1135 1796 audacter
1150 1762 1340 1802 exerceat,
1360 1762 1398 1793 et
1419 1755 1529 1804 quod
1549 1755 1614 1792 ille
1630 1756 1737 1793 nulla

344 1821 582 1860 aduersitate
603 1822 661 1859 sui
681 1823 812 1860 vultus
832 1823 1104 1860 constanciam
1127 1820 1353 1860 videntibus
1374 1821 1458 1858 aliis
1478 1821 1641 1858 amittat.

283 1887 373 1925 xiiii.
408 1887 490 1924 Hic
510 1887 684 1936 loquitur
703 1887 812 1936 quod
833 1886 985 1936 absque
1006 1887 1159 1924 iusticie
1187 1892 1346 1935 experta
1367 1897 1485 1922 causa
1504 1897 1571 1922 rex
1591 1884 1736 1923 bellare

346 1964 426 1990 non
473 1950 604 1990 debet.
676 1951 783 1989 Dicit
828 1952 988 2000 insuper
1026 1951 1135 2000 quod
1176 1951 1281 2000 regie
1320 1950 1500 1999 congruit
1541 1950 1734 1999 dignitati,

347 2017 517 2056 discreto
534 2023 666 2054 tamen
683 2016 843 2065 prouiso
858 2016 1060 2066 regimine,
1079 2016 1203 2066 magis
1217 2028 1352 2054 amore
1365 2028 1485 2065 quam
1500 2016 1735 2054 austeritatis

344 2084 469 2132 rigore
490 2095 582 2120 suos
603 2081 784 2120 subditos
805 2088 980 2120 tractare.

284 2161 342 2187 xv.
376 2149 457 2186 Hic
477 2147 652 2197 loquitur
672 2147 892 2185 secundum
910 2147 1134 2185 Salomonis
1151 2146 1451 2196 experienciam,
1471 2145 1580 2195 quod
1597 2146 1735 2185 ceteris

344 2212 553 2252 virtutibus
573 2213 623 2251 ad
650 2212 758 2262 regni
778 2211 1090 2262 gubernaculum
1118 2213 1294 2262 preualet
1320 2211 1529 2261 sapiencia,
1552 2223 1630 2261 que
1657 2211 1734 2250 deo

343 2285 381 2317 et
401 2278 631 2317 hominibus
652 2290 784 2327 regem
805 2278 929 2327 magis
950 2278 1079 2316 reddit
1099 2276 1398 2327 acceptabilem.

281 2343 355 2382 xvi.
388 2343 470 2381 Hic
514 2343 688 2392 loquitur
732 2343 899 2392 qualiter
937 2343 1010 2381 celi
1055 2343 1165 2390 deus,
1207 2342 1275 2392 qui
1313 2348 1372 2380 est
1410 2354 1476 2379 rex
1514 2353 1648 2390 regum
1695 2348 1734 2380 et

345 2409 532 2447 dominus
559 2408 872 2455 dominancium,
895 2420 917 2446 a
944 2408 1100 2457 regibus
1127 2415 1228 2446 terre
1257 2419 1354 2456 pura
1383 2412 1518 2444 mente
1546 2406 1733 2455 precipue

343 2475 536 2512 colendus
557 2481 615 2512 est
635 2480 674 2512 et
697 2486 814 2522 super
833 2473 968 2511 omnia
988 2474 1239 2512 metuendus.

130 2540 256 2591 Capm.
278 2539 366 2578 xvii.
399 2539 481 2577 Hic
507 2539 679 2589 loquitur
705 2538 872 2588 qualiter
897 2550 962 2576 rex
989 2538 1028 2575 in
1056 2538 1215 2575 caritate
1242 2537 1306 2575 dei
1334 2543 1371 2575 et
1395 2536 1561 2585 proximi
1581 2536 1730 2584 viuens,

132 2737 262 2786 Capm.

344 2611 481 2642 contra
501 2603 846 2653 superuenientem
868 2610 1047 2651 mortem,
1070 2615 1148 2652 que
1168 2602 1277 2640 nullo
1298 2601 1420 2651 parcit
1446 2602 1537 2651 regi,
1559 2602 1669 2640 omni
1690 2614 1732 2640 se

343 2669 465 2708 debet
485 2669 694 2718 diligencia
713 2669 934 2718 prouidere.

283 2733 385 2773 xviii.
419 2734 501 2772 Hic
534 2734 707 2783 loquitur
740 2734 779 2771 in
816 2734 894 2772 fine
928 2734 1038 2772 istius
1072 2733 1247 2782 epistole,
1284 2731 1350 2770 vbi
1385 2744 1455 2782 pro
1493 2739 1596 2770 statu
1631 2732 1731 2781 regis

344 2800 536 2840 deuocius
559 2806 703 2847 exorat,
730 2806 771 2837 vt
797 2799 895 2838 deus
919 2800 1040 2849 ipsius
1069 2805 1214 2837 etatem
1241 2798 1318 2836 iam
1345 2798 1524 2837 floridam
1552 2798 1590 2835 in
1621 2797 1729 2836 omni

738 2874 797 2907 xii.
818 2885 831 2906 1
860 2875 1019 2906 illecebra
1037 2874 1127 2906 CED
