2095 3173
367 215 444 253 190
832 201 963 242 VOX
1004 201 1366 256 CLAMANTIS

473 309 526 346 Vt
555 307 653 346 deus
684 320 731 346 ex
760 307 880 345 verbo
910 313 1028 344 staret
1059 307 1098 343 in
1129 319 1196 344 ore
1226 319 1325 344 suo:

472 374 577 412 Cum
607 386 753 422 sponsa
782 373 948 410 Veneris
979 372 1116 409 laudes
1147 372 1342 418 decantat,
1375 378 1413 409 et
1443 371 1526 409 eius

472 439 659 478 Officium
689 449 844 475 summe
873 437 1001 486 suplet
1030 437 1181 475 honore
1210 437 1308 475 dee:

472 505 536 542 Sic
565 516 665 552 opus
696 504 734 539 in
766 502 882 540 basso
912 508 1186 540 tenementum
1216 502 1408 539 construit
1436 501 1571 548 altum,

473 570 596 609 Cuius
627 581 747 618 egens
777 575 896 606 nocte
924 567 1070 605 fabrica
1100 568 1228 617 poscit
1257 580 1386 616 opem.

527 635 563 673 O
594 634 717 683 pietas
747 633 883 680 fratris,
916 646 994 682 que
1024 633 1161 671 circuit
1190 640 1228 671 et
1258 633 1367 670 iuuat
1397 644 1551 679 omnes,

472 702 522 738 Et
552 700 648 749 gerit
677 699 836 737 alterius
867 700 922 736 sic
952 699 1152 748 pacienter
1181 711 1305 736 onus:
1771 702 1839 734 860

471 767 508 805 O
538 766 605 815 qui
636 778 717 803 non
746 765 898 802 animas
929 771 1095 812 tantum,
1128 771 1186 802 set
1215 776 1380 813 corpora
1410 770 1553 809 nostra,

472 832 520 869 In
551 831 694 869 sudore
724 842 796 868 suo
827 830 1071 868 sanctificare
1100 829 1218 868 venit.

471 897 553 934 Hic
579 904 636 934 est
666 896 869 934 confessor
897 895 1050 933 domini
1081 907 1173 942 non,
1205 902 1264 932 set
1293 895 1558 941 dominarum,

472 962 552 1010 Qui
583 961 704 1011 magis
735 968 793 998 est
823 960 993 998 blandus
1023 973 1142 1009 quam
1173 960 1371 998 Titiuillus
1401 960 1482 998 eis:

472 1028 555 1066 Hic
584 1035 641 1065 est
670 1027 874 1065 confessor
901 1026 1013 1075 quasi
1043 1027 1103 1063 sur
1132 1038 1253 1075 quem
1283 1025 1391 1063 furca
1418 1025 1570 1071 fatetur,

471 1094 536 1131 Sic
565 1093 658 1142 quia
687 1093 746 1130 ius
777 1099 955 1135 nostrum
986 1092 1037 1130 de
1066 1092 1230 1130 muliere
1260 1091 1372 1141 rapit.

472 1159 554 1196 Hic
583 1166 642 1196 est
671 1159 874 1196 confessor
903 1158 943 1195 in
973 1158 1085 1207 peius
1115 1157 1182 1207 qui
1213 1158 1314 1195 male
1343 1156 1469 1203 vertit,

471 1224 640 1262 Sordida
669 1236 842 1273 namque
872 1224 1009 1261 lauans
1039 1223 1258 1261 sordidiora
1287 1222 1408 1261 facit:

471 1289 621 1327 Pellem
651 1301 721 1338 pro
750 1289 863 1338 pelle,
895 1288 1005 1338 quod
1033 1287 1155 1326 habet
1184 1286 1259 1326 sibi
1287 1288 1403 1325 frater
1431 1293 1471 1325 et
1500 1299 1620 1325 omne

471 1355 548 1392 Pro
578 1354 699 1392 nostri
729 1367 885 1403 sponsa,
918 1366 959 1392 se
989 1352 1099 1391 dabit
1128 1360 1248 1402 atque
1277 1366 1358 1391 sua.
1773 1358 1840 1399 870

472 1419 509 1458 O
538 1419 738 1468 condigna
767 1419 849 1457 viro
879 1419 944 1456 tali
974 1419 1061 1468 quis
1091 1419 1241 1468 premia
1270 1418 1421 1464 reddet,

469 1486 550 1522 Aut
580 1485 678 1522 deus
708 1492 775 1522 aut
805 1485 983 1522 demon?
1021 1484 1155 1522 vltima
1185 1483 1304 1522 verba
1333 1484 1472 1533 ligant.

472 1550 627 1588 Peccati
660 1551 748 1588 finis
779 1550 850 1588 fert
879 1562 1053 1599 namque
1084 1549 1282 1598 stipendia
1312 1549 1463 1596 mortis,

472 1615 544 1653 Est
573 1616 670 1653 dum
699 1615 815 1664 culpa
843 1622 955 1653 vetus
984 1615 1102 1664 plena
1130 1614 1283 1663 pudore
1313 1626 1445 1651 nouo:

473 1682 643 1728 Horum,
676 1681 854 1719 viuentes
884 1681 951 1730 qui
981 1687 1039 1718 tot
1068 1680 1255 1717 miracula
1284 1685 1471 1728 prestant,

473 1747 522 1784 In
551 1745 651 1784 libro
682 1746 818 1783 mortis
848 1746 1011 1783 nomina
1040 1745 1183 1794 scripta
1212 1752 1385 1782 manent.

526 1812 636 1849 Inter
664 1824 758 1861 apes
787 1811 922 1849 statuit
952 1817 1089 1848 natura
1118 1810 1228 1859 quod
1257 1822 1343 1848 esse
1372 1809 1594 1847 notandum

472 1877 626 1924 Sencio,
659 1889 739 1926 quo
768 1877 911 1926 poterit
940 1877 1056 1914 frater
1084 1875 1231 1913 habere
1261 1882 1410 1912 notam.

473 1944 578 1980 Nam
608 1942 637 1980 si
669 1950 817 1992 pungat
845 1942 941 1991 apis,
973 1942 1163 1991 pungenti
1194 1941 1310 1990 culpa
1340 1948 1545 1990 repugnat,

471 2008 656 2056 Amplius
686 2014 725 2045 vt
754 2007 957 2045 stimulum
988 2019 1068 2044 non
1100 2006 1220 2044 habet
1250 2006 1334 2054 ipse
1363 2018 1505 2053 suum,
1774 2010 1841 2042 880

473 2073 650 2121 Postque
679 2072 789 2110 domi
819 2072 987 2110 latebras
1017 2078 1126 2109 tenet
1154 2078 1193 2109 et
1222 2083 1304 2108 non
1334 2071 1466 2108 euolat
1495 2070 1602 2117 vltra,

474 2137 655 2175 Floribus
686 2144 725 2175 vt
754 2137 883 2186 campi
914 2137 1139 2174 mellificare
1169 2143 1299 2186 queat.

474 2203 511 2241 O
540 2203 650 2249 deus,
682 2202 722 2239 in
752 2203 869 2239 simili
899 2202 1025 2239 forma
1054 2201 1085 2239 si
1115 2201 1230 2239 frater
1258 2200 1414 2238 adulter

474 2268 660 2306 Perderet
690 2268 881 2314 inflatum,
914 2267 1010 2305 dum
1037 2267 1266 2313 stimularet,
1298 2278 1427 2312 acum,

474 2333 658 2382 Amplius
688 2339 728 2370 vt
758 2333 873 2370 flores
903 2345 984 2370 non
1015 2332 1173 2381 colligat
1202 2331 1242 2368 in
1273 2331 1450 2377 muliere,

475 2400 563 2436 Nec
592 2411 711 2447 vagus
740 2411 763 2436 a
792 2397 979 2436 domibus
1008 2403 1142 2446 pergat
1172 2397 1211 2434 in
1241 2396 1337 2434 orbe
1367 2396 1470 2433 suis!

476 2464 607 2503 Causa
635 2470 816 2502 cessante
846 2463 938 2512 quia
968 2469 1063 2500 tunc
1092 2468 1261 2500 cessaret
1291 2461 1341 2499 ab
1372 2461 1465 2510 ipsis

476 2529 662 2576 Effectus,
694 2541 775 2579 quo
804 2540 912 2566 nunc
940 2527 1052 2577 plura
1080 2527 1225 2577 pericla
1253 2527 1388 2564 latent.

413 2657 492 2692 Hie
523 2658 707 2701 loquitur
740 2657 922 2701 qualiter
953 2656 1027 2691 isti
1064 2655 1222 2690 fratres
1263 2654 1504 2691 inordinate
1545 2655 1743 2691 viuentes
1785 2655 1838 2689 ad

366 2716 541 2751 ecclesie
567 2715 696 2750 Cristi
720 2716 906 2759 regimen
931 2724 1016 2749 non
1042 2715 1142 2748 sunt
1167 2712 1410 2756 aliqualiter
1435 2713 1682 2748 necessarii.

221 2792 351 2842 Capm.
372 2791 447 2829 xix.
533 2792 624 2829 Vna
653 2790 773 2828 michi
803 2791 900 2828 mira
928 2802 989 2828 res
1019 2795 1089 2836 est,
1121 2801 1240 2838 quam
1269 2795 1403 2828 mente
1433 2790 1647 2827 reuoluens

962 2866 1028 2905 863
1052 2865 1113 2897 sed
1130 2874 1200 2896 non
1217 2864 1247 2895 D
