2095 3173
65 1771 66 1780 ἶ
104 1737 232 1786 Capm.
256 1736 332 1775 xiii.

729 189 918 231 LIBER
959 190 1246 240 QUINTUS

360 298 499 336 Aufert
528 303 567 336 et
596 304 716 337 terras
745 299 928 337 vendicat
958 298 1042 348 ipsa
1071 310 1173 336 suas.

415 364 585 402 Vsuram
614 363 800 402 dominus
831 364 1009 402 defendit
1039 363 1124 413 lege
1154 363 1357 412 perhenni,

361 428 481 467 Vnde
510 428 602 466 satis
631 428 734 466 clare
763 428 906 478 scripta
934 428 1101 478 legenda
1130 434 1277 477 patent.

362 494 511 532 Nonne
539 493 638 531 foret
668 493 824 542 sapiens
853 493 920 542 qui
950 499 1083 542 posset
1113 505 1260 542 ponere
1288 493 1439 542 glosam

363 560 488 597 Hunc
517 565 654 596 contra
683 566 844 605 textum,
879 571 997 608 quem
1027 558 1139 596 dedit
1168 558 1252 608 ipse
1281 559 1409 597 deus?

364 625 459 662 Hoc
488 624 560 662 scit
589 630 783 662 mercator
812 624 971 661 instanti
1002 630 1180 673 tempore
1209 624 1318 671 ciuis,

365 689 446 738 Qui
477 688 618 738 probat
647 701 803 727 vsuram
833 701 950 739 posse
979 689 1097 727 licere
1127 702 1262 728 suam:

365 754 512 793 Omnia
542 755 649 792 nuda
679 761 826 804 patent,
859 762 1096 804 quapropter
1125 753 1300 793 vestibus
1329 755 1455 805 ipsam

366 820 513 867 Induit,
546 826 587 858 vt
616 820 708 858 ficto
738 820 845 858 fallat
874 827 1011 869 operta
1040 820 1146 858 dolo.

365 885 429 923 Sic
459 886 553 924 latet
581 886 710 923 Vsure
739 886 858 923 facies
889 886 1047 935 depicta
1076 886 1209 924 colore

366 951 542 998 Fraudis,
572 957 614 989 vt
643 951 736 989 hinc
765 958 872 989 extra
902 952 1037 1000 pulcra
1066 958 1217 1000 pateret
1247 963 1293 990 ea
1310 964 1321 999 3

364 1016 405 1054 Si
435 1023 569 1054 tamen
599 1017 692 1054 inde
721 1029 845 1066 genus
875 1017 931 1055 sic
959 1023 1084 1054 vertat
1114 1017 1250 1055 fraude
1280 1017 1454 1063 dolosus,

364 1082 492 1120 Vsure
521 1082 672 1131 species
702 1088 777 1119 stat
806 1082 911 1119 velut
942 1083 1025 1131 ipsa
1054 1082 1171 1131 prius.

367 1147 514 1185 Nonne
543 1147 663 1185 deum
693 1147 789 1184 fallit
818 1147 981 1184 cautelis
1011 1147 1166 1185 institor
1195 1147 1290 1196 ipse,

365 1213 479 1251 Talia
508 1212 604 1250 dum
633 1212 780 1250 scelera
808 1212 909 1250 celat
939 1213 978 1249 in
1007 1219 1089 1250 arte
1117 1213 1216 1250 sua?

367 1278 440 1315 Est
469 1277 567 1315 deus
596 1284 663 1315 aut
691 1289 820 1324 cecus,
852 1278 919 1327 qui
950 1278 1102 1327 singula
1131 1278 1255 1316 cernit
1284 1276 1459 1327 vbique?

367 1344 497 1381 Vsure
526 1342 702 1380 tunicam
732 1342 856 1381 cernit
886 1349 925 1380 et
954 1343 1039 1380 odit
1069 1355 1170 1381 eam.

419 1737 499 1774 Ista
528 1749 637 1774 soror
665 1737 799 1786 grauia
827 1743 946 1785 parat,
977 1737 1098 1775 altera
1127 1742 1185 1774 set
1214 1737 1403 1786 grauiora,

369 1802 473 1839 Nam
503 1808 578 1840 stat
606 1801 829 1839 communis
859 1801 1045 1839 omnibus
1074 1802 1158 1851 ipsa
1187 1802 1307 1840 locis:

368 1868 462 1915 Quo
491 1873 625 1904 tamen
655 1868 783 1904 Vsura
813 1867 937 1916 pergit
968 1867 1090 1904 Fraus
1119 1867 1227 1904 vadit
1258 1873 1296 1905 et
1326 1867 1402 1913 illa,

367 1933 458 1969 Vna
486 1932 589 1968 viam
619 1932 757 1981 querit,
787 1932 909 1969 altera
937 1932 1111 1980 complet
1141 1944 1251 1981 opus.

367 1997 544 2035 Vrbibus
572 1998 701 2035 Vsura
729 2004 882 2035 tantum
912 2004 1046 2036 manet
1074 1997 1149 2035 hiis
1179 1997 1327 2035 sociata

372 2062 553 2110 Quorum
583 2062 788 2100 thesaurus
818 2063 943 2101 nescit
973 2061 1118 2101 habere
1148 2075 1260 2112 pares
1277 2077 1287 2110 ;

371 2128 437 2166 Set
467 2128 588 2165 Fraus
617 2128 753 2166 ciuiles
783 2134 929 2177 perstat
958 2128 1183 2166 communis
1213 2128 1264 2166 ad
1294 2140 1446 2175 omnes,

372 2193 555 2232 Consulit
584 2200 622 2231 et
651 2193 803 2231 cunctis
832 2192 979 2231 viribus
1009 2194 1093 2242 ipsa
1123 2193 1228 2232 suis:

373 2258 486 2297 Clam
517 2271 586 2296 sua
614 2258 717 2296 facta
745 2258 848 2305 facit,
881 2271 971 2296 nam
1002 2259 1230 2307 quem-plus
1260 2258 1407 2308 decipit
1438 2259 1530 2309 ipsa,

375 2324 467 2372 Ipse
495 2324 601 2372 prius
631 2324 749 2361 sentit
778 2336 898 2373 quam
930 2324 1035 2362 videt
1064 2324 1159 2361 inde
1189 2324 1351 2362 malum.

428 2389 543 2426 Stans
572 2389 663 2426 foris
691 2395 783 2427 ante
811 2389 914 2427 fores
944 2389 1160 2438 proclamat
1191 2389 1312 2426 Fraus
1342 2389 1524 2427 iuuenilis

375 2454 530 2491 Merces
560 2453 746 2501 diuersas,
777 2454 968 2503 quicquid
1000 2453 1145 2490 habere
1174 2453 1281 2490 velis.

375 2519 485 2566 Quot
514 2518 587 2556 celi
617 2519 741 2567 stelle,
770 2525 828 2557 tot
857 2519 963 2557 dicet
993 2518 1155 2556 nomina
1184 2530 1325 2565 rerum,

377 2583 510 2621 Huius
540 2590 578 2621 et
606 2583 728 2631 istius,
760 2591 798 2622 et
827 2584 944 2621 trahit
972 2590 1091 2632 atque
1121 2589 1256 2620 vocat:

378 2648 491 2696 Quos
521 2648 657 2697 nequit
687 2661 733 2686 ex
761 2648 901 2695 verbis,
933 2655 1058 2686 tractu
1088 2646 1290 2696 compellit
1319 2648 1427 2693 inire,

380 2712 508 2759 ‘Hic‚’
537 2713 600 2760 ait,
634 2716 714 2751 ‘est
743 2714 852 2763 quod
881 2727 949 2752 vos
979 2712 1150 2763 queritis,
1183 2724 1276 2750 ecce
1304 2700 1418 2751 veni?

378 2777 442 2815 Sic
470 2777 734 2827 apprenticius
762 2777 921 2828 plebem
950 2779 1122 2815 clamore
1151 2776 1313 2824 reducit,

379 2842 444 2880 Ad
474 2848 622 2880 secreta
651 2843 731 2880 doli
761 2843 923 2892 quando
952 2842 1135 2892 magister
1163 2841 1301 2880 adest:

1642 205 1718 231 221

1662 443 1724 476 720

303 1479 533 1524 Postquam
550 1479 657 1514 dixit
674 1479 724 1515 de
741 1479 936 1525 potencia
958 1478 1107 1519 Vsure,
1124 1478 1210 1514 iam
1232 1479 1283 1514 de
1300 1479 1477 1515 Fraudis
1495 1480 1731 1516 subtilitate

257 1538 392 1574 dicere
425 1538 619 1579 intendit,
654 1548 733 1582 que
766 1538 816 1573 de
850 1538 1058 1573 communi
1090 1537 1268 1573 consilio
1303 1539 1425 1583 quasi
1458 1539 1650 1574 omnibus
1689 1542 1732 1575 et

257 1597 438 1641 singulis
460 1597 504 1632 in
527 1597 701 1632 emendo
726 1599 768 1632 et
790 1597 1012 1633 vendendo
1036 1607 1088 1632 ea
1108 1607 1188 1641 que
1212 1597 1311 1631 sunt
1335 1597 1501 1642 agenda
1528 1601 1730 1642 procurat

257 1657 299 1691 et
324 1655 532 1691 subtiliter
557 1655 753 1700 disponit.

1672 2079 1733 2112 740

1671 2728 1734 2763 750
