2095 3173
615 246 803 287 LIBER
845 245 1145 296 QUARTUS

258 354 388 402 Auget
416 360 454 391 et
482 353 707 390 accumulat
736 352 1049 401 multiplicatque
1077 352 1219 400 dolos;

260 418 451 467 Proponit
480 419 578 465 lites,
610 418 710 456 rixas
738 418 920 456 accendit
949 418 989 454 in
1019 419 1127 464 iram,

260 483 424 522 Liuores
454 484 574 521 nutrit
603 484 875 532 invidiamque
904 483 1037 531 fouet3

260 549 429 586 Vincula
458 549 666 597 disrumpit
695 549 813 597 pacis,
845 549 999 586 socialis
1028 549 1172 586 amoris

260 613 412 651 Federa
441 613 654 663 perturbat,
685 613 952 662 dissociatque
981 613 1126 660 fidemg

261 679 438 728 Suggerit
468 679 674 725 incestum,
707 679 847 716 suadet
875 678 1021 716 violare
1050 679 1254 727 pudorem,

261 743 423 781 Soluere
452 744 693 793 coniugium,
725 744 1015 782 commaculare
1044 744 1227 791 thorum;

260 809 499 858 VSuqmndo
530 809 1049 847 fidenivustunirnenffinn
1078 809 1301 855 honessunn

261 873 433 912 Caucius
462 882 502 912 vt
531 875 709 912 fraudem
740 874 882 923 palleat
912 874 996 923 ipse
1025 887 1147 912 suam.

262 939 310 976 In
341 939 524 989 dampnis
554 940 696 978 dandis
724 940 939 989 promissor
967 939 1113 990 vbique
1142 940 1282 987 fidelis,

261 1004 446 1043 Comoda
475 1006 506 1043 si
536 1006 700 1052 dederit,
732 1005 841 1044 disce
870 1004 1032 1044 subesse
1061 1006 1223 1044 dolum:

261 1068 343 1107 Sub
372 1072 623 1120 grosfflllana
652 1071 777 1108 lstunn
807 1070 950 1109 subtsse
979 1078 1142 1117 tenetun

262 1135 498 1184 Simplicitas
527 1137 657 1174 vultus
687 1137 807 1174 corda
836 1137 974 1175 dolosa
1003 1137 1098 1186 tegit
1114 1150 1124 1183 3

265 1200 420 1250 Lingua
449 1208 643 1239 venenato
673 1202 769 1239 dum
798 1201 918 1239 verba
947 1201 1136 1240 subornat
1165 1202 1205 1238 in
1235 1213 1312 1247 ore,

265 1266 470 1304 Mellificat
499 1267 602 1304 virus
631 1267 790 1316 melque
818 1280 971 1305 venena
1001 1267 1102 1305 facit.

262 1331 316 1368 Vt
345 1330 418 1369 sub
446 1331 634 1369 virtutum
665 1333 795 1381 specie
823 1333 941 1370 lateat
969 1332 1159 1370 viciorum

263 1397 399 1443 Actus,
430 1403 469 1435 et
497 1403 537 1434 vt
567 1397 688 1446 turpis
718 1397 849 1435 Simea
878 1397 945 1435 fiat
974 1398 1121 1444 homo;

267 1462 359 1511 Ipse
388 1469 544 1500 tumens
574 1462 764 1500 humilem
795 1462 983 1500 mentitur
1011 1475 1106 1512 sepe
1134 1462 1366 1512 professum,

264 1527 396 1575 Quem
427 1527 523 1576 fugit
553 1528 710 1565 occulto
740 1527 896 1576 spiritus
926 1528 991 1566 ille
1019 1527 1094 1566 dei.

265 1592 427 1631 Ordinis
458 1593 542 1642 ipse
573 1593 669 1630 sacri
700 1593 892 1643 quicquid
922 1593 1154 1631 Franciscus
1184 1593 1354 1632 honeste

263 1658 428 1696 Virtutis
458 1659 602 1706 statuit,
634 1659 698 1695 hic
727 1659 868 1697 viciare
897 1659 1054 1697 studet:

266 1724 421 1762 Cuncta
450 1725 582 1762 colore
610 1731 744 1762 tamen
774 1725 911 1773 operit,
942 1725 1122 1774 facieque
1150 1725 1294 1763 decora

265 1789 389 1836 Fallit,
421 1789 598 1838 dumque
627 1790 750 1827 latent
779 1789 926 1827 viscera
954 1790 1070 1838 plena
1100 1789 1204 1827 dolo.

321 1855 507 1892 Invenies
537 1855 725 1903 scripturn
755 1854 866 1903 quod
894 1866 1045 1903 pennas
1075 1854 1220 1892 strucio
1248 1860 1374 1904 gestat

267 1919 437 1958 Herodii
467 1919 607 1968 pennis
637 1919 919 1968 ancipitrisque
948 1932 1084 1968 pares;

267 1986 335 2023 Set
363 1997 445 2023 non
475 1992 554 2022 tam
584 1984 700 2022 celeri
730 1984 834 2033 viget
863 1985 947 2022 eius
975 1996 1108 2034 penna
1135 1985 1280 2032 volatu,

266 2050 577 2099 Ypocritamque
606 2055 727 2096 notat,
760 2049 828 2099 qui
857 2049 1069 2087 similando
1094 2050 1209 2087 volat.

267 2117 398 2154 Aurea
426 2116 528 2153 facta
557 2115 658 2152 foras
688 2115 863 2152 similans
891 2114 1068 2164 ypocrita
1097 2114 1218 2164 fingit,

267 2181 334 2219 Set
363 2181 467 2218 mala
494 2193 609 2218 mens
638 2180 743 2218 intus
773 2178 961 2229 plumbea
988 2187 1080 2218 vota
1107 2180 1228 2229 gerit:

267 2246 366 2284 Sunt
395 2246 542 2284 etenim
570 2245 684 2283 multi
712 2245 810 2283 tales
839 2244 906 2295 qui
935 2244 1055 2283 verba
1082 2246 1270 2293 colorant,

268 2311 350 2360 Qui
378 2317 545 2360 pascunt
573 2323 698 2357 aures,
730 2323 847 2349 aurea
877 2310 997 2348 verba
1026 2318 1180 2358 sonant,

266 2375 409 2415 Verbis
437 2376 706 2423 frondescunt,
739 2382 798 2414 set
828 2388 908 2414 non
940 2382 999 2414 est
1028 2376 1176 2414 fructus
1205 2376 1245 2413 in
1275 2382 1376 2421 actu,

268 2441 513 2491 Simplicium
542 2447 697 2479 mentes
727 2442 845 2480 dulce
874 2441 1078 2490 loquendo
1107 2448 1297 2479 mouent:

268 2509 335 2546 Set
363 2507 555 2556 templum
584 2506 737 2545 domini
765 2507 862 2545 tales
891 2507 1074 2555 excludit,
1104 2505 1290 2545 abhorret

268 2572 492 2611 Verborum
520 2572 710 2621 phaleras,
740 2571 860 2610 verba
888 2572 1010 2622 polita
1038 2572 1146 2621 fugit.

269 2637 420 2686 Scripta
449 2642 665 2685 poetarum,
697 2649 774 2686 que
803 2649 933 2675 sermo
962 2637 1090 2686 pictus
1119 2637 1282 2684 inaurat,

270 2703 401 2740 Aurea
430 2701 615 2739 dicuntur
643 2702 788 2751 lingua,
821 2709 879 2740 set
909 2702 973 2739 illa
1002 2714 1122 2740 caue:

270 2767 342 2804 Est
371 2766 537 2815 simplex
564 2766 728 2804 verbum
757 2767 850 2805 fidei
878 2767 1009 2805 bonus
1037 2766 1142 2804 vnde
1169 2772 1351 2813 meretur,

271 2832 338 2871 Set
366 2831 512 2880 duplex
539 2830 674 2870 animo
702 2832 877 2881 predicat
905 2832 1056 2881 absque
1084 2832 1172 2870 deo.

542 2915 625 2945 1072
647 2906 764 2946 lingua
781 2906 858 2938 SH2
902 2907 1006 2938 verba
1022 2905 1247 2938 CEHGDLT

855 2974 882 3001 ο
905 2976 924 3000 2

1539 258 1615 295 195

1536 628 1618 660 1040

1536 1280 1620 1311 1050

1539 1925 1622 1955 1060

1541 2586 1625 2619 1070
