2095 3173
471 225 551 262 292

938 212 1068 254 VOX
1109 211 1469 253 CLAMANTIS

581 319 679 358 Sunt
709 319 860 356 inmota
889 318 1000 368 genis
1029 320 1156 367 osque
1184 317 1344 356 madere
1374 317 1523 367 nequit,
1878 331 1941 366 720

579 386 712 434 Atque
743 396 811 433 per
839 383 1000 421 interius
1030 395 1121 421 cum
1152 383 1251 421 duro
1280 382 1413 432 lingua
1442 383 1572 432 palato

579 450 784 498 Congelat,
816 455 855 486 et
884 449 1042 497 pulsum
1071 460 1171 486 vena
1200 460 1361 487 mouere
1391 454 1516 498 negat,

580 516 665 553 Nec
697 514 799 552 flecti
829 513 961 551 ceruix
990 525 1065 552 nec
1094 513 1256 551 brachia
1286 514 1457 563 plectere
1488 513 1679 564 quicquid

578 581 760 626 Possunt,
792 591 866 617 nec
894 591 1032 629 passus
1060 591 1131 629 pes
1161 580 1262 618 valet
1292 579 1347 618 ire
1376 581 1499 618 suos?

633 644 744 693 Quid
774 644 896 683 modo
925 645 1140 694 respondet
1169 645 1292 683 homo
1322 652 1502 683 mortuus
1532 644 1597 683 ille
1627 643 1849 694 superbus?

581 710 698 747 Dicat
728 722 834 747 nunc
863 709 960 758 quid
989 709 1025 747 ei
1054 710 1176 759 gloria
1206 722 1306 747 vana
1335 709 1459 748 dabit.

579 775 675 812 Eius
705 774 823 822 enim,
855 786 980 824 nuper
1007 775 1105 813 alios
1135 775 1202 824 qui
1232 773 1488 824 despiciebat,

578 840 765 889 Corporis
794 840 964 878 exanimi
994 840 1071 877 iam
1101 840 1199 890 perit
1229 839 1359 878 omnis
1389 840 1541 878 honor:

578 905 629 942 Et
660 905 752 954 quia
781 917 823 943 se
852 917 994 954 corpus
1023 905 1177 943 dudum
1207 904 1370 943 tollebat
1400 905 1440 941 in
1468 905 1602 951 altum,

576 969 790 1008 Vermibus
819 982 909 1008 esca
938 969 1061 1008 modo
1091 969 1274 1007 subditur
1302 970 1387 1019 ipsa
1416 981 1520 1007 caro.
1879 982 1942 1016 730

579 1036 672 1073 Non
702 1036 825 1074 modo
854 1035 1043 1085 palpebra
1073 1036 1184 1085 quasi
1214 1035 1472 1085 dedignando
1502 1035 1665 1081 leuatur,

577 1102 664 1139 Nec
694 1114 835 1141 manus
864 1103 904 1139 in
934 1103 1097 1152 longum
1127 1102 1261 1151 planat
1289 1109 1500 1151 Vtrumque
1529 1101 1653 1139 latus:

578 1167 688 1215 Quas
717 1168 817 1206 vires
847 1167 985 1206 habuit
1014 1166 1191 1205 mortalis
1221 1167 1278 1204 vis
1307 1167 1515 1216 superauit,

578 1233 650 1270 Est
681 1246 816 1272 musce
846 1234 960 1283 spina
989 1233 1132 1272 forcior
1161 1246 1254 1272 ecce
1284 1246 1365 1271 sua.

578 1299 617 1336 Si
648 1299 768 1337 decor
795 1306 864 1338 aut
893 1300 1044 1349 species
1075 1312 1200 1349 nuper
1229 1299 1393 1337 florebat
1423 1299 1463 1337 in
1493 1299 1571 1345 illo,

576 1364 673 1402 Eius
702 1365 871 1414 turpedo
900 1366 978 1403 iam
1007 1366 1115 1415 fugat
1144 1377 1265 1403 omne
1294 1377 1439 1414 pecus:

578 1429 617 1467 Si
648 1430 772 1468 fuerat
801 1431 969 1480 sapiens,
1001 1431 1124 1469 modo
1154 1431 1283 1470 differt
1313 1444 1336 1468 a
1365 1431 1555 1480 sapiente,

577 1495 649 1532 Est
679 1494 753 1533 sibi
782 1496 1015 1533 conclusum
1046 1509 1126 1546 quo
1156 1496 1278 1533 nichil
1308 1496 1391 1544 ipse
1421 1497 1544 1545 sapit:

575 1560 666 1608 Que
696 1561 819 1610 magis
849 1561 888 1598 in
919 1560 1050 1598 studio
1081 1561 1200 1610 peciit
1230 1559 1388 1598 subtilia
1417 1561 1548 1610 longo,

576 1626 688 1664 Mors
718 1638 764 1664 ea
793 1626 972 1664 dissoluit
1002 1626 1053 1664 de
1081 1625 1276 1664 breuitate
1306 1626 1395 1664 cito.
1881 1638 1943 1671 '540

576 1690 737 1729 Artibus
766 1691 807 1728 in
837 1692 951 1729 variis
980 1690 1104 1729 fuerat
1133 1691 1225 1728 licet
1254 1691 1338 1740 ipse
1367 1690 1527 1740 peritus,

576 1757 663 1794 Iam
693 1756 837 1795 cecidit
866 1756 1040 1806 prudens
1070 1756 1162 1794 artis
1193 1755 1233 1794 in
1263 1763 1346 1794 arte
1375 1768 1471 1794 sua:

576 1822 733 1860 Desinit
763 1822 909 1871 ingenii
938 1821 1043 1859 racio
1073 1821 1158 1859 sine
1180 1821 1265 1859 'iam
1295 1821 1468 1868 racione,

576 1888 687 1925 Mors
717 1886 793 1925 ruit
822 1887 862 1924 in
892 1899 1061 1924 vacuum
1091 1898 1170 1936 que
1198 1887 1366 1925 racionis
1394 1893 1528 1926 erant:

577 1952 725 1990 Littera
754 1965 874 2002 quem
904 1952 1040 1990 docuit
1068 1952 1193 2001 magis
1223 1958 1282 1990 est
1311 1952 1496 1990 indoctus
1524 1951 1657 1998 asello,

575 2018 740 2055 Pectore
770 2030 844 2056 nec
873 2023 1051 2055 remanet
1080 2017 1160 2055 iota
1189 2017 1250 2056 vel
1280 2030 1381 2055 vnus
1410 2029 1520 2066 apex.

577 2083 671 2120 Non
701 2082 776 2120 sibi
806 2083 988 2121 mentalis
1018 2082 1270 2132 presumpcio
1299 2082 1448 2120 iudicat
1477 2083 1586 2129 vllos,

576 2148 626 2185 Se
656 2160 786 2197 neque
816 2149 959 2186 iactare
988 2154 1143 2185 mortua
1172 2160 1290 2185 causa
1320 2149 1435 2186 sinit:

576 2213 656 2261 Qui
687 2213 787 2251 solet
815 2213 983 2262 ypocrisi
1013 2213 1104 2250 ficte
1133 2213 1284 2250 virtutis
1314 2213 1508 2251 honorem

574 2279 744 2324 Tollere,
776 2290 883 2316 nunc
911 2283 1105 2315 monstrat
1135 2278 1232 2327 quid
1262 2278 1334 2315 fuit
1364 2278 1448 2327 ipse
1476 2278 1618 2327 palam.
1878 2290 1940 2324 750

575 2344 643 2382 Nil
673 2343 746 2381 sibi
776 2343 886 2393 quod
914 2355 1057 2392 genera
1087 2343 1307 2392 linguarum
1338 2350 1503 2381 nouerat
1532 2344 1626 2381 olim

574 2409 750 2456 Confert,
781 2409 850 2458 qui
878 2415 991 2446 muto
1021 2415 1197 2446 mortuus
1227 2421 1294 2446 ore
1323 2408 1433 2447 silet:

573 2475 731 2524 Organa
762 2475 868 2512 nulla
897 2474 971 2512 sibi
1002 2480 1096 2511 nota
1125 2474 1186 2512 vel
1216 2474 1440 2512 citharistea
1469 2474 1674 2523 plaudunt,

576 2540 668 2588 Quo
698 2540 797 2589 perit
826 2540 995 2587 auditus,
1028 2539 1178 2577 musica
1208 2539 1315 2576 nulla
1344 2539 1483 2588 placet.

575 2606 641 2643 Nil
670 2606 773 2643 valet
802 2605 993 2654 ingenuas
1023 2616 1166 2653 corpus
1195 2603 1366 2641 coluisse
1396 2617 1465 2653 per
1493 2611 1608 2651 artes,

576 2670 656 2718 Qui
687 2671 809 2708 modo
840 2676 978 2708 nature
1008 2669 1178 2719 perdidit
1208 2681 1328 2707 omne
1358 2670 1503 2708 decus:

577 2735 643 2772 Nil
672 2736 789 2773 vestis
819 2747 976 2785 pompa,
1010 2735 1130 2772 nichil
1159 2741 1226 2772 aut
1250 2746 1437 2772 ascensus
1467 2747 1672 2785 equorum,

577 2799 730 2849 Corpus
762 2801 839 2838 iam
869 2800 1038 2850 rigidum
1068 2798 1320 2849 magnificare
1349 2806 1513 2849 queunt.

1006 2885 1066 2914 721
1093 2874 1299 2915 perinterius
1317 2875 1407 2907 GLT
