2095 3173
701 241 889 282 LIBER
929 242 1170 284 SEXTUS
1587 258 1663 298 251

310 347 373 384 Ne
403 347 525 396 periat
555 347 675 397 Regis
704 347 799 397 legis
829 354 867 386 et
896 348 960 386 ille
989 354 1122 386 status.
1603 363 1666 399 700

309 412 406 459 Rex,
437 424 520 462 age,
552 424 602 450 ne
630 411 756 461 plebis
785 412 931 450 furiens
961 413 1157 451 discordia
1185 414 1301 462 dicat,

310 477 414 514 ‘Lex
442 477 565 515 caruit
593 489 684 526 rege
712 477 795 515 iura
823 484 984 527 paterna
1012 480 1195 528 regens':

307 541 423 580 Absit
452 548 490 580 et
519 542 596 580 hoc
625 542 741 591 vulgo
770 555 821 581 ne
850 543 964 589 dicat,
996 543 1078 581 iure
1107 551 1271 591 remoto,

307 607 428 655 Quod
458 607 578 644 nichil
608 608 739 645 auxilii
770 608 957 656 principis
987 608 1124 647 vmbra
1153 609 1255 647 facit.

305 672 426 709 Fraus
455 684 547 709 cum
577 672 713 710 fraude
742 684 812 710 sua
840 673 963 721 periat
992 673 1043 711 de
1072 681 1198 713 morte
1226 687 1411 722 remorsa,

304 737 358 774 Vt
387 743 462 775 stet
491 737 643 775 iusticia
673 738 776 787 regia
805 737 922 776 laude
951 745 1042 776 tua:

305 801 369 839 Sic
399 801 532 840 dicant
562 803 710 851 populi,
744 803 823 840 ‘Sit
853 815 1007 852 semper
1035 804 1157 853 gloria
1186 805 1278 854 regi,

305 866 399 915 Quo
427 865 534 904 bona
563 879 638 916 pax
667 867 799 916 viguit,
832 880 913 917 quo
941 881 1029 906 reus
1058 876 1145 906 acta
1174 870 1270 908 luit!

357 932 573 981 Precipitur
601 933 754 982 gladius
783 932 957 971 vibratus
987 946 1142 983 semper
1171 934 1317 981 haberi,

302 997 536 1047 Prompcius
566 1005 604 1036 vt
634 998 783 1036 crimen
813 999 996 1036 iudiciale
1025 999 1141 1037 ferat:
1599 1014 1662 1050 710

302 1063 410 1100 Ense
439 1063 677 1112 quiescente,
709 1076 962 1113 compescere
991 1077 1071 1102 non
1101 1065 1203 1103 valet
1232 1064 1369 1104 orbem
1384 1080 1394 1114 3

302 1128 382 1176 Qui
411 1141 572 1178 regnare
601 1130 708 1178 cupit
738 1129 928 1179 sanguine
957 1129 1040 1166 iura
1069 1130 1182 1167 colat.

300 1194 423 1231 Arma
452 1194 581 1231 ferunt
611 1207 761 1243 pacem,
794 1201 1055 1243 compescunt
1084 1207 1192 1232 arma
1221 1207 1414 1244 rapacem,

299 1259 352 1296 Vt
381 1271 469 1296 reus
498 1259 572 1297 hec
600 1260 747 1305 timeat,
779 1271 845 1297 rex
873 1258 1021 1308 probus
1049 1271 1157 1296 arma
1185 1267 1292 1308 gerat
1307 1274 1317 1308 3

301 1323 475 1361 Nomine
505 1323 658 1373 subque
688 1331 757 1361 tuo
786 1323 921 1362 ledant
951 1336 1002 1361 ne
1032 1325 1131 1361 forte
1160 1325 1333 1373 quirites,

300 1387 464 1426 Plebem
494 1395 532 1426 te
562 1396 697 1426 tenero
726 1389 846 1426 corde
875 1388 1007 1426 videre
1036 1388 1173 1426 decet:

299 1453 339 1491 Si
369 1453 425 1491 vis
455 1466 628 1503 namque
658 1461 747 1491 tuos
777 1466 858 1491 non
887 1454 1076 1503 castigare
1105 1454 1315 1500 ministros,

299 1519 460 1558 Crimen
490 1517 610 1557 habet
640 1519 756 1568 culpe
785 1519 888 1568 regia
918 1519 1034 1568 culpa
1063 1531 1143 1557 sue.

299 1584 444 1622 Euolat
473 1585 664 1634 ancipiter
691 1585 742 1623 ad
772 1584 924 1633 predas,
956 1585 1063 1622 lucra
1092 1585 1254 1634 suisque

300 1649 483 1686 Deseruit
513 1649 686 1688 dominis
715 1649 756 1687 in
784 1649 975 1698 rapiendo
1006 1648 1141 1687 cibos:

268 1734 272 1740 ·
299 1714 363 1751 Sic
393 1721 483 1751 sunt
514 1714 580 1763 qui
611 1713 690 1763 regi
719 1714 950 1752 famulando
979 1726 1071 1751 suos
1101 1720 1140 1752 et
1168 1714 1220 1752 ad
1248 1726 1340 1752 vsus

1597 1664 1661 1699 720

300 1779 465 1816 Tollunt
493 1779 733 1827 pauperibus
763 1779 938 1828 dampna
966 1779 1131 1816 ferendo
1161 1780 1291 1817 nimis.

300 1843 348 1880 In
378 1855 494 1892 prece
523 1844 681 1892 pondus
710 1842 830 1880 habet
860 1855 1007 1892 pauper
1036 1844 1104 1892 qui
1132 1844 1276 1881 clamat
1305 1856 1452 1893 egenus

303 1907 366 1945 Ad
395 1907 615 1954 dominum,
647 1919 800 1945 memor
829 1914 888 1945 est
917 1908 1098 1957 pauperis
1129 1908 1212 1957 ipse
1242 1909 1314 1946 sui.

300 1972 409 2010 Sicut
438 1973 544 2010 enim
575 1973 716 2021 presul,
748 1973 815 2021 qui
845 1980 977 2010 custos
1007 1978 1065 2010 est
1094 1973 1326 2020 animarum,

300 2037 462 2075 Pondus
493 2038 532 2074 in
562 2038 692 2075 officio
721 2037 841 2076 debet
869 2036 1015 2076 habere
1044 2050 1141 2086 suo,

300 2102 523 2152 Compotus
554 2110 673 2152 vtque
702 2115 806 2149 suus,
839 2103 894 2141 sic
924 2103 1042 2141 stabit
1072 2109 1110 2141 et
1139 2103 1276 2141 vltima
1304 2115 1466 2150 merceS,

301 2168 436 2206 Gloria
464 2168 524 2206 vel
554 2180 657 2217 pena
687 2175 939 2218 perpetuatur
967 2168 1026 2216 ei3

301 2233 387 2270 Rex
417 2233 469 2270 ita
499 2234 566 2283 qui
595 2240 775 2271 nostrum
805 2234 1020 2272 moderaris
1051 2233 1204 2283 legibus
1234 2233 1383 2281 orbem,

300 2298 417 2336 Dona
446 2299 521 2336 tuis
551 2299 697 2337 meritis
727 2299 902 2337 conferet
932 2311 1034 2349 equa
1063 2299 1172 2337 deus.
1592 2312 1657 2347 730

300 2364 421 2402 Posse
450 2370 562 2402 tuum
591 2364 749 2414 grande,
782 2377 857 2411 rex,
890 2372 960 2411 est,
992 2376 1070 2414 que
1098 2364 1306 2414 potencior
1334 2365 1410 2411 ille,

299 2428 431 2467 Omne
459 2436 571 2467 tuum
600 2430 711 2467 cuius
740 2430 899 2468 dextera
928 2429 1042 2467 librat
1070 2442 1181 2479 opus.

238 2560 314 2595 Hic
348 2561 447 2596 dicit
481 2562 589 2605 quod
621 2573 696 2597 rex
734 2573 841 2597 sano
882 2562 1058 2597 consilio
1099 2563 1313 2604 adhereat,
1349 2563 1523 2598 ecclesie
1563 2564 1655 2598 iura

190 2621 410 2663 supportet
428 2622 470 2655 et
487 2621 633 2664 erigat,
652 2631 753 2664 equs
771 2621 815 2655 in
831 2621 996 2655 iudiciis
1011 2622 1053 2655 et
1066 2620 1256 2664 pietosus
1273 2621 1442 2664 existat,
1457 2632 1655 2666 suamque

190 2678 347 2712 famam
365 2679 525 2712 cunctis
543 2679 683 2713 mundi
701 2680 849 2723 opibus
866 2681 1087 2723 preponat.

87 2752 215 2802 Capm.
238 2767 273 2791 x.
356 2754 505 2802 Sperne
534 2754 669 2801 malos,
701 2756 788 2793 cole
816 2755 1041 2805 prudenteS,
1072 2766 1283 2804 compesce
1311 2754 1488 2802 rebelles,

456 2849 529 2878 700,
548 2849 609 2880 705
626 2841 734 2880 periat
752 2841 847 2874 SHT
891 2846 1012 2882 pereat
1029 2841 1153 2872 CEDL

455 2892 535 2932 Cap.
554 2903 586 2923 x.
605 2892 765 2934 Heading
777 2905 797 2924 2
813 2898 992 2934 supportet
1005 2894 1114 2933 erigat
1130 2897 1159 2925 et
1173 2893 1334 2925 defendat
1352 2894 1382 2924 D
