2095 3173
700 213 886 255 LIBER
927 215 1202 257 TERCIUS
1608 233 1683 272 105

328 318 378 357 Et
408 320 500 368 quia
529 319 603 358 sub
633 321 735 359 trino
765 323 904 361 mundi
933 330 1056 362 status
1086 324 1225 363 ordine
1254 325 1384 373 fertur,

326 383 409 422 Sub
438 384 538 422 trina
567 386 665 424 serie
694 393 736 424 tu
766 399 854 425 mea
883 389 1026 438 scripta
1055 390 1157 428 foue.

328 448 419 486 Hiis
448 449 519 487 tibi
548 449 677 488 libatis
707 463 835 489 nouus
865 452 967 490 intro
996 460 1115 491 nauta
1144 455 1397 504 profundum,

327 512 488 551 Sacrum
518 526 691 563 pneuma
720 528 861 565 rogans
881 524 921 555 vt
949 530 1038 556 mea
1066 519 1151 557 vela
1181 532 1301 570 regas.

261 752 340 787 Hic
363 754 526 788 tractat
549 754 730 798 qualiter
753 757 895 792 status
920 759 962 792 et
985 759 1086 793 ordo
1106 761 1246 794 mundi
1270 761 1312 795 in
1336 762 1470 798 tribus
1488 762 1683 799 consistit

214 812 425 855 gradibus,
437 814 537 847 sunt
554 813 675 853 enim,
693 815 742 848 vt
754 815 866 855 dicit,
886 815 1044 856 Clerus,
1057 817 1244 859 Milieies‚
1263 820 1305 854 et
1319 820 1619 863 Agricultores‚
1632 821 1683 856 de

215 879 388 913 quorum
405 881 546 905 errore
562 871 704 905 mundi
722 872 952 907 infortunia
966 875 1090 909 nobis
1101 876 1364 919 contingunt.
1413 877 1533 913 Vnde
1550 879 1683 923 primo

215 928 439 963 videndum
457 931 522 964 est
540 930 591 964 de
609 939 752 964 errore
771 931 870 965 cleri
894 933 1087 976 precipue
1104 934 1148 967 in
1165 934 1311 969 ordine
1328 936 1595 979 prelatorum,
1613 937 1685 980 qui

215 988 480 1031 potenciores
504 989 601 1023 aliis
625 988 837 1033 existunt3
875 992 917 1025 et
943 991 1076 1034 primo
1099 992 1210 1027 dicet
1231 993 1282 1027 de
1305 995 1481 1037 prelatis
1503 995 1589 1030 illis
1613 995 1683 1039 qui

120 1261 248 1309 Capm.
272 1259 295 1297 i.

94 1767 247 1817 *Capra
268 1768 290 1807 i.

68 2281 84 2301 '¹‘
94 2281 248 2332 *Caput
268 2284 292 2321 i.

17 2398 22 2547 ἰ

15 2606 23 2754 ἒ

15 2774 23 2826 ἱ,

214 1043 342 1081 Cristi
360 1047 519 1081 scolam
533 1047 826 1090 dogmatizant
844 1050 887 1083 et
905 1049 995 1083 eius
1013 1051 1268 1085 eontrarium
1287 1055 1525 1096 operantur.

690 1155 853 1203 Incipit
881 1156 997 1194 liber
1025 1157 1214 1196 tercius.

412 1261 485 1293 unt
514 1255 663 1302 Clerus,
696 1255 826 1302 Miles,
858 1255 1008 1303 Cultor,
1039 1262 1116 1295 tres
1145 1257 1246 1296 trina
1273 1265 1464 1308 gerentes,

442 1322 520 1359 Set
549 1320 606 1358 de
634 1320 832 1369 prelatis
862 1320 1074 1359 scribere
1103 1322 1247 1361 tendo
1277 1324 1418 1373 prius.

323 1388 503 1428 Scisma
523 1392 690 1435 patens
711 1385 856 1423 hodie
876 1393 1110 1425 monstrat
1137 1388 1265 1437 quod
1292 1396 1401 1426 sunt
1431 1389 1524 1428 duo
1548 1401 1679 1439 pape,

321 1454 453 1490 Vnus
483 1450 794 1496 scismaticus,
826 1450 946 1489 alter
974 1457 1019 1489 et
1048 1451 1131 1490 ille
1161 1453 1337 1492 bonus:

322 1517 522 1556 Francia
551 1514 879 1553 scismaticum
908 1516 1026 1554 colit
1056 1523 1100 1554 et
1130 1519 1299 1557 statuit
1328 1519 1661 1566 venerandum,

322 1582 495 1632 Anglia
524 1587 593 1620 set
622 1586 798 1619 rectam
829 1587 990 1619 seruat
1019 1581 1197 1632 vbique
1226 1582 1376 1621 fidem.

214 1705 275 1742 As
295 1703 453 1752 follows
481 1704 522 1741 in
553 1703 803 1749 CHGEDL,

377 1768 477 1806 Sunt
506 1767 656 1814 Clerus,
689 1768 819 1814 Miles,
852 1767 1001 1815 Cultor,
1034 1775 1110 1806 tres
1140 1769 1240 1806 trina
1269 1774 1450 1817 gerentes
1467 1782 1478 1816 3

325 1833 408 1871 Hic
438 1833 567 1880 docet,
599 1833 664 1870 hic
692 1839 851 1881 pugnat,
882 1833 979 1871 alter
1007 1840 1045 1871 et
1074 1846 1168 1871 arua
1197 1834 1300 1871 colit.

326 1898 436 1946 Quid
466 1897 541 1935 sibi
572 1897 621 1935 sit
651 1897 788 1936 Clerus
818 1897 945 1946 primo
973 1898 1191 1944 videamus,
1223 1904 1262 1936 et
1291 1910 1385 1937 ecce

326 1964 424 2001 Eius
454 1963 493 2000 in
524 1962 713 2011 exemplis
743 1962 820 1999 iam
850 1968 981 2011 stupet
1010 1963 1140 2000 omnis
1169 1963 1327 2000 humus.

324 2029 476 2066 Scisma
505 2034 643 2077 patens
673 2026 793 2065 hodie
822 2034 1014 2064 monstrat
1043 2028 1152 2076 quod
1182 2034 1272 2065 sunt
1302 2027 1383 2065 duo
1412 2039 1526 2078 pape,

323 2094 436 2131 Vnus
465 2092 721 2138 scismaticus,
751 2092 849 2129 alter
877 2098 916 2129 et
945 2092 1010 2129 ille
1040 2091 1193 2130 bonus:

215 2218 275 2255 As
290 2216 451 2265 follows
478 2217 520 2253 z'n
550 2217 659 2263 TH2,

375 2284 475 2321 Sunt
504 2283 641 2328 clerus,
673 2282 797 2328 miles,
828 2282 964 2329 cultor,
996 2288 1074 2320 tres
1103 2282 1203 2319 trina
1231 2287 1438 2331 gerentes3

322 2348 404 2385 Hic
432 2348 561 2395 docet,
593 2347 657 2385 hic
685 2353 845 2397 pugnat,
876 2347 973 2386 alter
1001 2354 1039 2385 et
1068 2359 1162 2384 arua
1190 2347 1295 2384 colit.

321 2413 430 2460 Quid
461 2413 535 2451 sibi
565 2413 614 2451 sit
643 2413 770 2451 clerus
799 2412 927 2461 primo
947 2412 1163 2458 videamus,
1194 2417 1232 2448 et
1262 2422 1354 2448 ecce

321 2479 384 2516 De
412 2478 570 2528 reliquis
599 2478 754 2528 fugiens
783 2478 957 2516 mundus
985 2478 1148 2516 adheret
1177 2477 1244 2514 eis.

321 2544 453 2581 Primo
482 2544 651 2593 prelatos
680 2551 835 2582 constat
863 2544 1032 2593 preferre
1061 2541 1299 2591 sequendos,

324 2608 429 2645 Nam
458 2609 520 2645 via
549 2608 758 2646 doctorum
788 2609 915 2646 tucior
944 2609 1009 2646 issa
1037 2608 1147 2645 soret.

254 2707 297 2738 In
315 2707 406 2747 place
421 2707 462 2746 of
478 2706 600 2747 Incipit
616 2710 689 2749 &c.‚
710 2708 737 2738 L
753 2708 816 2739 has
830 2707 901 2739 ltere
924 2708 1075 2747 thesaur
1095 2707 1175 2737 lines
1195 2706 1267 2737 ‘Ad
1284 2706 1446 2737 mundum
1463 2705 1585 2745 mitto,’
1601 2706 1678 2738 with

207 2759 331 2800 picture
345 2759 441 2789 below
452 2771 462 2789 .·
485 2769 534 2790 see
543 2764 579 2800 p.
604 2769 654 2799 19.

255 2812 292 2848 4*
317 2811 475 2851 exempla
494 2811 524 2840 D
656 2810 794 2851 humus]
813 2812 960 2842 mundus
978 2811 1039 2841 DL

257 2863 312 2893 1³¹²*
337 2868 496 2903 regentes
515 2862 562 2893 H2
716 2864 774 2901 4**
799 2863 932 2894 mundit
948 2863 977 2894 T
