2095 3173
605 218 794 258 LIBER
835 217 1108 259 TERCIUS
1513 232 1589 272 143

235 325 388 363 Nolunt
416 324 645 375 impositum
675 324 730 363 sic
758 323 923 364 retinere
953 325 1130 363 modurn.

233 389 328 427 Non
356 397 510 428 tantum
538 397 665 428 vestes
693 389 894 440 geminant
923 397 981 429 set
1009 388 1276 436 condiciones,

235 455 345 503 Quas
374 454 496 505 magis
526 462 696 493 errantes
725 456 857 505 regula
885 456 992 492 nulla
1021 453 1147 504 sapit:

235 519 297 556 En
326 518 433 557 venit
461 519 632 557 incastos
660 532 799 557 aurum
828 518 1053 569 precingere
1081 518 1250 566 lumb05‚

235 584 410 622 Denotet
439 591 479 622 vt
507 597 629 622 vanos
659 591 841 634 comptus
870 583 997 622 inanis
1027 596 1095 621 eos
1110 598 1121 631 3

235 647 373 686 Militis
402 647 539 698 effigie,
570 647 645 686 nisi
674 650 802 686 solum
831 649 958 686 calcar
985 648 1135 695 abesse,

234 711 443 752 Cernimus
472 714 545 751 hos
573 712 730 763 pompis
759 714 995 763 degenerare
1024 712 1113 751 suis.
1510 725 1592 759 ¹340

287 777 411 817 Cuius
440 779 578 825 honor,
610 777 658 816 sit
687 791 787 816 onus
802 792 813 826 ;
850 778 918 828 qui
947 777 1062 816 lucris
1092 775 1323 828 participare

233 843 341 890 Vult,
372 842 427 880 sic
456 844 506 882 de
535 842 718 893 dampnis
748 842 995 894 participaret
1024 842 1103 881 eis:

234 906 298 945 Sic
328 906 437 946 iubet
466 921 569 957 equa
596 909 706 955 fides,
737 907 792 946 sic
821 909 882 946 lex
911 906 1086 946 decreuit
1114 908 1166 945 ad
1195 919 1346 953 omnes,

235 972 302 1010 Set
330 973 453 1011 modo
481 972 549 1023 qui
578 980 715 1011 curant
744 973 828 1023 ipsa
856 980 1001 1011 statuta
1028 979 1184 1022 negant.

236 1038 360 1077 Curas
388 1037 604 1076 admittunt
632 1037 797 1088 pingues
826 1044 864 1076 et
893 1036 1054 1088 pinguia
1082 1043 1253 1083 sumunt,

235 1103 302 1140 Set
330 1104 471 1140 nolunt
499 1115 591 1141 cure
619 1103 797 1152 pondera
824 1103 922 1140 ferre
951 1114 1030 1140 sue.

235 1166 275 1205 Si
304 1166 412 1205 viciis
441 1166 610 1206 residere
639 1166 777 1217 nequit
805 1173 961 1205 curatus
989 1165 1030 1203 in
1059 1165 1133 1203 ista

235 1232 351 1279 Cura,
382 1239 477 1270 tunc
506 1231 623 1270 aliam
652 1230 779 1281 querit
807 1231 953 1269 habere
982 1243 1129 1268 nouam
1143 1243 1155 1278 3

239 1296 426 1335 Inficiens
455 1296 633 1347 primam,
664 1304 754 1346 post
783 1295 923 1346 polluit
951 1294 1035 1345 ipse
1064 1295 1293 1342 secundam,

235 1361 299 1401 Sic
328 1363 416 1400 loca
443 1374 525 1400 non
553 1361 654 1400 vicia
682 1369 808 1400 mutat
837 1368 875 1400 et
904 1360 987 1411 ipse
1017 1373 1097 1398 sua.
1511 1374 1595 1406 1350

237 1426 368 1466 Litera
396 1426 598 1477 dispensat
627 1434 762 1465 curato
791 1425 956 1476 presulis
986 1432 1130 1475 empta,

238 1493 289 1530 Et
318 1491 374 1530 sic
403 1491 526 1530 curati
555 1504 648 1530 cura
676 1491 810 1530 relicta
839 1497 973 1529 manet
989 1505 999 1539 3

235 1556 501 1595 Presbiterum
529 1556 673 1595 laicum
702 1556 843 1595 retinet
872 1555 948 1594 sibi
976 1554 1309 1602 substituendum,

235 1621 355 1662 Curia
383 1629 611 1672 magnatum
641 1623 738 1661 dum
767 1621 951 1660 retinebit
980 1634 1083 1660 eum.

237 1689 308 1726 Est
336 1694 376 1725 vt
404 1700 498 1738 apes
527 1686 583 1726 ibi
611 1686 801 1726 sollicitus
830 1687 927 1725 dum
956 1685 1075 1736 spirat
1104 1687 1286 1731 honores,

236 1754 304 1792 Set
331 1752 440 1803 piger
468 1752 508 1790 in
537 1766 630 1791 cura
658 1754 786 1791 tardat
813 1752 968 1802 agenda
996 1764 1076 1790 sua.

291 1817 495 1867 Quicquid
523 1818 644 1856 habet
672 1818 846 1855 mundus
875 1817 1023 1863 fictum,
1054 1823 1149 1853 tunc
1178 1815 1289 1866 fingit
1318 1822 1356 1855 et
1385 1815 1460 1862 ille,

237 1882 358 1922 Curia
385 1895 465 1932 quo
494 1881 658 1932 dignum
688 1882 846 1920 credere
875 1880 1000 1931 possit
1028 1893 1144 1919 eum:

236 1947 370 1986 Verba
397 1946 508 1985 dabit
536 1947 694 1993 blanda,
725 1954 784 1984 set
812 1959 886 1984 nec
915 1944 1023 1983 canis
1051 1952 1165 1995 aptus
1194 1945 1246 1983 ad
1274 1958 1420 1992 arcum,

237 2011 301 2051 Sic
330 2010 470 2049 humili
498 2012 608 2049 vultu
638 2010 759 2049 flectit
787 2012 839 2049 ad
867 2023 958 2060 yma
985 2023 1100 2060 genu.
1513 2015 1597 2057 1360

237 2079 348 2116 Alter
376 2085 416 2115 vt
446 2077 510 2115 ille
540 2076 663 2114 Iacob
693 2075 822 2114 socios
851 2077 1088 2126 supplantat,
1121 2081 1160 2113 et
1189 2086 1310 2113 omne

239 2143 332 2191 Quo
361 2141 504 2192 poterit
534 2140 673 2180 mundi
703 2142 810 2179 lucra
838 2148 972 2179 tenere
1001 2139 1104 2178 facit.

238 2207 355 2245 Absit
383 2220 474 2245 eum
504 2205 718 2256 quicquam
748 2213 881 2244 tamen
910 2205 1061 2255 absque
1090 2203 1292 2243 iuuamine
1321 2203 1430 2243 docti

239 2270 410 2309 Simonis
439 2270 622 2321 incipere,
655 2269 723 2319 qui
752 2283 845 2308 suus
874 2276 984 2308 actor
1012 2268 1108 2307 erit:

239 2335 352 2375 Ostia
380 2335 412 2373 si
440 2337 573 2373 clausa
601 2334 754 2381 fuerint,
786 2333 842 2373 sic
870 2333 987 2372 intrat
1016 2332 1133 2380 ouile‚

239 2402 300 2438 Ac
327 2399 487 2439 aliunde
517 2413 632 2438 suum
662 2398 785 2450 carpit
813 2411 953 2437 auarus
982 2398 1064 2436 iter.

242 2466 304 2504 De
332 2464 433 2503 curis
461 2464 592 2503 anime
620 2464 676 2502 nil
704 2471 824 2511 curat,
855 2464 1077 2503 dummodo
1105 2470 1205 2501 terre

241 2529 360 2570 Curia
388 2529 580 2579 magnatis
610 2529 659 2568 sit
687 2529 762 2568 sibi
791 2530 898 2567 culta
924 2527 1065 2566 lucris:

242 2596 333 2633 Fert
362 2593 436 2632 sibi
465 2594 519 2632 nil
548 2594 668 2632 virtus
697 2593 829 2632 anime
858 2600 917 2632 set
945 2591 1119 2642 corporis
1148 2599 1270 2639 actus,

242 2661 393 2701 Munus
422 2672 503 2697 non
532 2659 715 2697 meritum
743 2660 812 2698 dat
841 2658 916 2697 sibi
943 2658 1041 2696 ferre
1070 2663 1226 2695 statum.
1515 2669 1599 2706 1370

244 2724 325 2774 Qui
353 2723 476 2762 nichil
504 2731 563 2762 est
591 2738 659 2774 per
688 2737 740 2771 se,
771 2737 845 2763 nec
874 2723 994 2761 habet
1023 2734 1104 2772 quo
1132 2723 1269 2760 tendat
1298 2720 1339 2759 in
1367 2722 1502 2769 altum,

245 2788 416 2840 Expedit
444 2788 602 2827 alterius
629 2795 670 2827 vt
699 2790 893 2828 releuetur
921 2800 1022 2837 ope:

245 2856 317 2894 Est
345 2861 479 2892 tamen
507 2853 735 2902 absurdum,
765 2866 857 2892 cum
886 2851 1052 2903 quilibet
1080 2864 1127 2890 ex
1154 2850 1288 2890 alieno,
