2095 3173
714 221 901 262 LIBER
941 222 1183 264 SEXTUS
1598 238 1677 278 241

322 328 386 365 En
414 327 560 367 cecidit
590 327 772 375 Babilon,
804 329 948 366 cecidit
977 341 1139 379 quoque
1167 329 1338 367 maxima
1367 330 1497 377 Troia,

321 393 534 443 Romaque
562 394 846 443 mundipotens
875 395 938 431 vix
966 401 1074 432 tenet
1104 395 1168 432 illa
1196 395 1340 433 locum.

375 458 517 498 Omnis
545 459 666 497 habet
695 459 870 497 subitum
900 460 1102 498 mundana
1131 461 1316 510 potencia
1343 460 1475 508 finem,

320 525 455 573 Atque
484 524 575 574 fuga
603 525 720 563 celeri
749 525 893 563 deserit
923 525 1006 574 ipsa
1035 537 1151 564 suos:
1613 542 1680 574 400

322 590 458 637 Iudex,
490 602 583 639 ergo
612 590 716 637 time,
749 603 913 640 magnos
943 591 1009 639 qui
1041 591 1197 629 scandis
1226 591 1409 638 honores,

321 655 462 705 Teque
491 655 652 693 ruinoso
683 662 784 694 stare
813 663 1017 694 memento
1047 657 1149 695 loco.

321 720 455 759 Omne
483 721 593 770 quod
623 728 681 759 est
710 721 849 759 mundi
879 721 950 759 tibi
980 734 1114 759 carum
1143 722 1305 760 transiet
1333 734 1356 760 a
1385 729 1436 769 te,

322 786 453 835 Inque
480 786 557 824 tuis
586 787 733 824 meritis
763 786 911 825 iudicat
940 786 1024 836 ipse
1053 787 1178 825 deus:

322 851 518 901 Equaque
546 852 608 890 lex
637 851 789 890 domini
818 859 913 889 tunc
943 864 1020 901 que
1049 853 1171 891 modo
1201 853 1328 890 cernis
1357 853 1503 902 ineque

322 917 542 964 Discernet,
574 929 653 966 que
681 917 753 955 tibi
782 918 961 967 pondera
990 918 1091 956 iusta
1120 917 1243 956 dabit.

321 981 427 1021 Cum
456 988 495 1020 te
523 981 703 1020 terribilis
733 989 890 1021 exactor
918 983 1060 1021 missus
1090 982 1140 1021 ab
1169 995 1274 1033 equo

323 1047 462 1086 Iudice
490 1047 692 1097 sulphurei
721 1055 870 1097 merget
899 1048 939 1085 in
967 1061 1058 1097 yma
1087 1048 1172 1095 laci,

323 1112 539 1151 Prodolor!
578 1113 711 1151 infelix
739 1119 847 1159 tunc,
877 1113 1059 1162 quamuis
1089 1126 1188 1158 sero,
1219 1112 1387 1161 dolebis,

320 1177 485 1216 Talibus
514 1178 555 1216 in
582 1177 688 1216 falsis
717 1190 828 1227 spem
858 1178 1036 1227 posuisse
1064 1177 1205 1217 bonis:
1614 1194 1680 1226 410

322 1243 493 1282 Gemma
521 1243 583 1281 vel
611 1250 815 1293 argentum
845 1256 919 1282 nec
948 1244 1002 1281 ibi
1032 1244 1249 1282 descendet
1278 1251 1316 1283 et
1344 1257 1494 1291 aurum,

322 1308 409 1346 Nec
437 1308 580 1358 fragilis
609 1309 749 1347 mundi
776 1309 899 1358 gloria
928 1309 1037 1358 lapsa
1065 1309 1186 1347 breui.

322 1373 528 1412 Iudicibus
557 1374 693 1423 populi
722 1386 868 1412 vanum
897 1380 1031 1412 tamen
1061 1381 1120 1412 est
1150 1375 1260 1424 quod
1288 1375 1329 1412 in
1358 1375 1431 1413 ista

322 1439 491 1477 Materia
519 1439 680 1489 scripsi3
717 1439 869 1489 perdita
896 1438 1017 1477 verba
1045 1440 1166 1478 dedi:

320 1505 412 1552 Que
440 1516 532 1542 nam
561 1504 725 1551 iusticia,
755 1517 833 1554 que
861 1505 922 1542 vel
951 1505 1000 1542 sit
1030 1505 1179 1543 Iudicis
1208 1517 1311 1554 equa

320 1569 528 1617 Condicio,
560 1582 642 1608 non
671 1576 730 1609 est
759 1577 938 1619 tempore
967 1570 1048 1607 visa
1077 1570 1226 1609 modo:

321 1636 562 1674 Iusticiarius
591 1642 650 1674 est
665 1649 674 1683 ;
715 1635 789 1673 sub
818 1636 886 1673 tali
916 1636 1079 1673 nomine
1108 1637 1215 1683 fallit,

321 1700 403 1749 Qui
432 1701 518 1739 sine
547 1701 700 1740 iusticia
730 1713 878 1738 nomen
908 1701 1026 1738 inane
1054 1702 1162 1750 gerit.

258 1830 338 1866 Hic
362 1831 551 1876 loquitur
574 1831 623 1867 de
647 1841 786 1867 errore
811 1830 1128 1871 vicecomitum,
1153 1832 1423 1872 Balliuorum,
1447 1841 1614 1868 necnon
1640 1835 1683 1869 et

213 1890 258 1924 in
276 1889 428 1925 assisis
452 1890 694 1931 iuratorum,
713 1889 782 1933 qui
808 1890 961 1930 singuli
988 1900 1091 1923 auro
1117 1890 1311 1925 conducti
1337 1890 1510 1925 diuitum
1535 1901 1686 1926 causas

212 1949 396 1983 iniustas
413 1950 727 1992 supportantes,
745 1958 950 1992 pauperes
972 1949 1128 1992 absque
1152 1948 1322 1983 iusticia
1345 1950 1683 1994 calumpniantur

214 2010 257 2042 et
274 2007 524 2052 opprimunt.

95 2088 224 2137 Capm.
247 2088 295 2126 vi.

383 2088 501 2126 Nunc
530 2087 655 2126 eciam
684 2086 983 2126 vicecomitibus
1013 2087 1109 2137 quid
1139 2087 1270 2126 dicere
1298 2090 1491 2138 possum?

325 2153 533 2202 Numquid
562 2153 603 2190 in
631 2153 762 2190 assisis
793 2153 889 2191 dant
919 2160 1161 2191 nocumenta
1190 2153 1311 2192 viris?
1616 2170 1682 2201 420

324 2219 461 2256 Macra
490 2218 533 2256 fit
562 2219 636 2257 hec
666 2230 795 2265 causa,
828 2218 878 2256 de
908 2231 986 2268 qua
1015 2219 1118 2268 viget
1148 2219 1288 2257 vnccio
1318 2219 1427 2258 nulla

325 2283 540 2330 Distillans‚
572 2290 612 2321 vt
641 2284 696 2321 eis
726 2290 841 2321 vncta
871 2284 919 2321 sit
949 2283 1042 2322 inde
1072 2296 1239 2322 manus:

325 2348 441 2397 Legis
470 2348 510 2385 in
539 2349 660 2386 assisa
689 2348 720 2386 si
750 2349 827 2386 sint
855 2355 922 2386 tua
951 2349 1058 2387 dona
1087 2349 1219 2395 recisa,

326 2413 394 2451 Ius
422 2413 521 2462 perit
547 2420 585 2451 et
613 2426 731 2451 causa
759 2414 951 2452 scinditur
979 2414 1072 2451 inde
1100 2420 1195 2461 tua3

324 2477 365 2515 Si
395 2483 528 2515 tamen
556 2490 707 2516 assessa
735 2479 813 2516 sint
841 2492 909 2528 pre
938 2478 1122 2516 manibus
1151 2485 1218 2516 tua
1247 2478 1364 2525 dona,

324 2543 441 2580 Tunc
469 2549 582 2592 potes
610 2543 740 2581 assisis
770 2556 925 2582 sumere
955 2545 1062 2582 lucra
1091 2544 1179 2581 tuis.

377 2608 511 2656 thue
539 2606 697 2655 bouem,
728 2610 860 2658 precio
890 2609 958 2659 qui
987 2616 1062 2647 stat
1090 2608 1314 2646 conductus
1341 2616 1477 2656 aratro,

326 2669 390 2708 Sic
418 2669 490 2707 tibi
519 2669 663 2707 iuratos
693 2682 857 2709 munere
887 2672 985 2709 ferre
1014 2671 1146 2708 vales:

327 2735 399 2772 Hii
428 2733 499 2772 tibi
528 2746 679 2783 proque
708 2735 784 2773 tuis
812 2736 988 2774 vendent
1017 2735 1184 2785 periuria
1214 2735 1397 2783 nummis,

326 2799 391 2837 Sic
418 2811 557 2837 aurum
586 2799 669 2837 iura
697 2800 817 2838 vincit
846 2800 886 2837 in
915 2799 1010 2838 vrbe
1039 2812 1154 2839 mea:
1617 2818 1682 2851 430

552 2889 616 2920 405
640 2891 705 2920 que
722 2885 802 2912 tunc
820 2882 922 2912 modo
941 2881 969 2912 C
1102 2891 1167 2921 430
1190 2881 1273 2912 orbe
1289 2879 1348 2912 CE

275 2933 366 2956 ****
933 2947 961 2974 R
