2095 3173
431 208 513 247 218

900 208 1029 249 VOX
1070 207 1428 249 CLAMANTIS

542 314 768 353 Commoda
798 321 888 352 sunt
918 314 1090 352 hominis
1120 313 1272 363 absque
1301 313 1436 352 labore
1466 313 1615 361 nichil;

543 379 732 417 Rusticus
762 391 854 428 ergo
884 391 954 416 sua
980 379 1202 416 committat
1233 377 1410 416 membra
1438 378 1578 426 labori,

543 444 642 482 Ocia
671 450 927 493 postponens,
958 444 1059 481 sicut
1089 448 1244 493 oportet
1271 443 1344 493 agi.

544 511 698 547 Horrea
728 509 829 546 sicut
857 521 948 559 ager
977 509 1116 547 sterilis
1146 509 1219 547 sub
1248 521 1408 547 vomere
1437 509 1566 546 cultus

544 574 668 620 Fallit,
700 579 739 612 et
768 581 990 623 autumpno
1020 575 1092 612 fert
1122 575 1228 612 lucra
1258 575 1365 612 nulla
1395 575 1572 619 domum,

542 640 606 678 Sic
636 639 754 678 miser
783 640 880 689 ipse,
909 647 978 678 tuo
1007 652 1098 677 cum
1129 640 1216 689 plus
1246 640 1294 678 sit
1323 640 1450 678 cultus
1480 651 1625 686 amore,

543 704 732 742 Rusticus
762 704 802 741 in
832 704 1052 754 dampnum
1082 705 1178 743 fallit
1207 705 1367 755 agitque
1396 712 1520 743 tuum.

544 770 663 807 Nulla
692 770 822 808 ferunt
851 777 992 819 sponte
1021 770 1123 808 serui
1153 771 1308 808 seruilia
1337 771 1430 817 iura,

542 837 629 873 Nec
659 834 733 873 sibi
762 848 833 885 pro
863 836 949 884 lege
978 836 1075 884 quid
1105 835 1294 873 bonitatis
1324 834 1497 874 habent:

543 901 748 950 Quicquid
776 901 855 950 agit
883 900 1045 950 paciens
1075 913 1217 950 corpus
1248 901 1388 938 seruile
1417 899 1637 947 subactum,

543 967 662 1004 Mens
692 967 770 1016 agit
800 967 961 1004 interius
991 978 1145 1015 semper
1174 966 1214 1003 in
1244 978 1365 1003 omne
1394 966 1553 1002 malum.

543 1032 693 1071 Contra
722 1039 902 1070 naturam
932 1032 1033 1069 fiunt
1062 1032 1261 1078 miracula,
1293 1032 1394 1070 vires

544 1098 695 1135 Nature
725 1098 850 1136 deitas
880 1098 1058 1146 frangere
1089 1097 1172 1135 sola
1201 1103 1358 1146 potest:

544 1162 638 1200 Non
668 1170 726 1201 est
755 1163 833 1201 hoc
863 1162 1049 1210 hominis,
1081 1163 1222 1211 aliquis
1252 1162 1363 1211 quod
1391 1161 1640 1200 condicionis

545 1229 758 1267 Seruorum
787 1229 941 1278 generis
971 1228 1186 1266 rectificare
1215 1234 1346 1277 queat.

1840 707 1908 740 620

484 1362 563 1397 Hic
604 1363 788 1407 loquitur
826 1363 959 1398 eciam
998 1362 1048 1397 de
1092 1362 1271 1397 diuersis
1305 1362 1424 1406 vulgi
1455 1361 1693 1401 laborariis‚
1726 1360 1795 1404 qui
1834 1362 1910 1395 sub

437 1422 613 1457 aliorum
639 1422 842 1466 regimine
869 1421 1074 1463 conducti,
1100 1422 1237 1456 variis
1269 1421 1422 1456 debent
1454 1431 1530 1465 pro
1565 1421 1676 1455 bono
1705 1420 1912 1455 communi

437 1482 631 1525 operibus
657 1481 889 1524 subiugari.

325 1562 453 1612 Capm.
478 1576 510 1600 x.

599 1563 708 1601 Gens
738 1568 776 1600 et
805 1561 937 1599 adhuc
965 1561 1041 1599 alia
1069 1561 1285 1599 cultoribus
1315 1567 1373 1599 est
1402 1561 1561 1608 sociata,

548 1629 639 1677 Que
669 1634 744 1666 stat
772 1627 1008 1673 communis,
1041 1627 1139 1664 ordo
1169 1639 1243 1664 nec
1271 1627 1371 1664 vllus
1402 1626 1480 1664 eis:

549 1693 621 1731 Hii
651 1699 742 1730 sunt
772 1693 840 1742 qui
870 1692 1057 1741 cuiquam
1087 1691 1229 1729 nolunt
1260 1692 1406 1730 seruire
1435 1703 1504 1740 per
1532 1703 1693 1737 annum,

549 1759 640 1796 Hos
669 1758 733 1796 vix
762 1757 793 1794 si
823 1757 909 1794 solo
939 1768 1078 1794 mense
1106 1756 1258 1794 tenebit
1287 1757 1435 1803 homo,

549 1824 617 1861 Set
646 1822 905 1861 conventiciis
935 1822 1033 1859 tales
1065 1821 1250 1859 conduco
1281 1821 1408 1867 dietis,

549 1889 670 1926 Nunc
699 1888 774 1934 hic,
807 1899 913 1924 nunc
943 1886 1047 1933 alibi,
1080 1899 1186 1924 nunc
1217 1886 1337 1923 michi
1368 1897 1555 1935 nuncque
1584 1884 1667 1923 tibi.

550 1955 710 1991 Horum
740 1953 791 1991 de
820 1953 926 1990 mille
955 1952 1018 1989 vix
1048 1958 1106 1989 est
1136 1952 1335 2001 operarius
1365 1951 1430 1989 ille

552 2019 634 2068 Qui
663 2018 735 2056 tibi
764 2018 847 2055 vult
876 2024 994 2067 pacto
1024 2017 1128 2054 fidus
1158 2017 1288 2055 inesse
1317 2029 1401 2054 suo.

607 2085 699 2121 Hec
729 2089 788 2121 est
817 2095 913 2132 gens
943 2082 1008 2119 illa
1038 2094 1116 2131 que
1145 2082 1353 2120 denaturat
1382 2082 1423 2118 in
1452 2081 1552 2127 aula,

553 2149 718 2187 Potibus
748 2155 869 2197 atque
898 2147 998 2185 cibis
1028 2147 1124 2184 dum
1155 2153 1289 2184 manet
1319 2147 1402 2195 ipsa
1431 2146 1535 2184 tuis:

554 2216 663 2252 Dum
693 2212 974 2251 commensalis
1003 2212 1227 2249 conductus
1257 2212 1306 2249 sit
1335 2211 1406 2248 tibi
1436 2211 1534 2257 talis,

554 2280 706 2318 Omnes
735 2289 969 2315 communes
999 2276 1182 2325 reprobat
1212 2276 1296 2325 ipse
1324 2275 1460 2314 cibos:

554 2344 701 2383 Omnia
731 2343 830 2381 salsa
860 2349 1016 2388 nocent,
1048 2347 1202 2379 tantum
1233 2353 1363 2390 neque
1392 2347 1506 2378 cocta
1535 2340 1760 2390 placebunt,

554 2410 607 2448 Ni
637 2408 712 2447 sibi
742 2408 814 2446 des
843 2420 987 2454 assum,
1019 2413 1238 2444 murmurat
1268 2407 1351 2455 ipse
1381 2407 1539 2453 statim3

556 2475 624 2512 Nil
653 2474 727 2512 sibi
757 2473 921 2511 ceruisia
950 2473 1078 2510 tenuis
1108 2484 1238 2520 neque
1268 2472 1390 2509 cisera
1419 2472 1580 2517 confert,

558 2541 645 2577 Nec
673 2539 798 2577 rediet
827 2537 897 2576 tibi
927 2550 1022 2584 cras,
1055 2537 1095 2574 ni
1124 2537 1286 2574 meliora
1314 2549 1437 2585 paras.

558 2605 595 2643 O
623 2617 693 2641 cur
721 2604 777 2641 sic
806 2610 945 2652 potum
975 2603 1071 2651 petit
1100 2602 1164 2639 hic
1194 2601 1269 2639 sibi
1299 2601 1544 2648 deliciosum,

559 2671 692 2718 Quem
722 2669 830 2706 fouet
859 2681 904 2706 ex
935 2675 1022 2705 ortu
1052 2667 1201 2716 limpha
1230 2666 1350 2715 petita
1379 2666 1498 2704 lacu?

560 2734 747 2783 Pauperis
773 2746 819 2771 ex
849 2733 967 2781 stirpe
997 2739 1121 2778 natus,
1153 2743 1314 2781 quoque
1343 2743 1491 2780 pauper
1519 2738 1557 2770 et
1587 2732 1679 2781 ipse,

559 2801 612 2838 Vt
642 2799 828 2837 dominus
858 2798 1064 2836 stomacho
1093 2797 1220 2847 poscit
1249 2795 1395 2835 habere
1424 2809 1506 2834 suo.

780 2874 842 2913 637
866 2873 919 2904 lvo
931 2878 1072 2914 paragr.
1092 2872 1150 2904 SD
1283 2872 1348 2911 643
1371 2871 1516 2902 seruisia
1532 2870 1590 2902 CE

1850 1629 1913 1670 630

1853 2281 1918 2322 640
