2095 3173
681 217 869 258 LIBER
911 217 1195 268 QUINTUS

315 323 381 361 Set
409 323 533 373 magis
562 323 602 361 in
631 323 741 362 viciis
770 329 897 373 torpet
926 323 1072 373 vbique
1101 323 1192 362 suis.

369 389 479 427 Inter
508 401 607 439 quos
635 387 761 438 plebis
790 389 913 439 magis
943 396 1042 427 errat
1071 390 1206 439 iniqua
1234 389 1426 436 voluntas,

317 454 524 491 Sulcorum
555 454 722 492 famulos
753 454 894 492 estimo
924 466 1017 503 sepe
1046 466 1145 492 reos.

314 517 414 555 Sunt
444 518 589 555 etenim
620 518 731 566 tardi,
763 525 854 556 sunt
884 519 966 565 rari,
999 525 1090 556 sunt
1120 525 1159 557 et
1187 519 1304 566 auari,

314 582 376 620 Ex
404 583 570 620 minimo
599 584 708 632 quod
737 590 856 633 agunt
885 584 1033 632 premia
1062 584 1172 632 plura
1201 590 1364 633 petunt:

316 648 436 686 Nunc
464 648 570 686 venit
600 648 664 686 hic
694 660 798 695 usus,
829 649 927 697 petit
957 661 1006 686 en
1036 649 1124 697 plus
1153 650 1321 688 rusticus
1350 662 1462 698 vrum,

314 713 514 762 Tempore
543 714 728 762 preterito
758 726 877 763 quam
907 715 1061 763 peciere
1091 714 1172 752 duo
1189 728 1199 762 ;

315 777 366 816 Et
396 778 548 816 dudum
579 779 685 817 solus
715 779 803 828 plus
832 779 1000 817 contulit
1029 779 1202 818 Vtilitatis

315 843 434 881 Nunc
464 843 598 890 tribus,
631 850 671 882 vt
699 844 838 882 dicunt
867 844 933 894 qui
966 844 1068 882 bene
1097 845 1199 882 facta
1229 845 1369 883 sciunt.

314 908 422 946 Sicut
452 909 558 947 enim
587 909 715 959 vulpis
744 908 1022 947 resonantibus
1051 909 1227 959 vndique
1256 910 1365 948 siluis

315 974 378 1012 De
407 973 524 1012 fouea
553 974 710 1012 foueam
741 975 868 1024 querit
897 980 936 1012 et
965 975 1082 1012 intrat
1111 987 1210 1022 eam,

315 1039 379 1077 Sic
409 1039 578 1076 famulus
608 1040 705 1077 sulci
735 1040 952 1077 contrarius
981 1041 1171 1078 ammodo
1200 1040 1276 1090 legi

315 1104 378 1141 De
407 1105 532 1153 patria
561 1104 725 1154 patriam
746 1106 872 1154 querit
901 1105 1047 1143 habere
1076 1117 1238 1143 moram.

317 1168 417 1208 Ocia
447 1177 676 1220 magnatum
706 1171 870 1220 cupiunt
899 1170 964 1216 hii,
997 1170 1051 1207 nil
1080 1176 1213 1208 tamen
1243 1170 1350 1208 vnde

315 1234 365 1272 Se
395 1234 541 1272 nutrire
570 1241 733 1284 queunt,
765 1235 804 1272 ni
834 1234 1082 1282 famulentur,
1114 1233 1286 1273 habent:

317 1299 407 1337 Hos
438 1300 582 1338 seruire
611 1300 709 1338 deus
739 1308 956 1349 naturaque
986 1300 1274 1349 disposuerunt,

318 1364 392 1402 Ille
421 1365 482 1402 vel
512 1365 575 1402 illa
605 1371 738 1403 tamen
768 1365 841 1403 hos
870 1366 1076 1403 moderare
1105 1365 1268 1413 nequit:

317 1428 497 1478 Quisque
526 1436 666 1467 tenens
696 1436 815 1468 terras
845 1430 915 1467 has
944 1430 1093 1479 plangit
1122 1429 1162 1466 in
1192 1430 1332 1468 ordine
1359 1435 1509 1479 gentes,

316 1495 474 1543 Indiget
503 1495 633 1533 omnis
663 1496 730 1542 eis,
763 1507 836 1533 nec
865 1501 972 1545 reget
1001 1495 1100 1532 vllus
1130 1506 1209 1533 eas.

314 1560 408 1597 Non
440 1560 602 1609 impune
632 1560 752 1598 deum
782 1567 932 1599 veteres
963 1572 1146 1609 spreuere
1175 1560 1320 1609 coloni,

316 1624 403 1662 Nec
433 1625 571 1663 mundi
602 1638 809 1674 procerum
840 1625 1059 1674 surripuere
1089 1630 1233 1662 statum
1249 1638 1259 1673 5

315 1689 383 1727 Set
412 1690 552 1728 seruile
581 1690 679 1728 deus
709 1703 809 1740 opus
839 1689 1071 1739 imponebat
1099 1690 1262 1736 eisdem,

319 1754 412 1802 Quo
443 1754 517 1792 sibi
547 1756 739 1793 rusticitas
769 1756 889 1793 corda
918 1755 1087 1804 superba
1116 1755 1276 1794 domet:

319 1820 472 1857 Mansit
502 1827 540 1858 et
571 1820 751 1869 ingenuis
781 1820 940 1858 libertas
970 1821 1089 1867 salua,
1121 1832 1199 1869 que
1229 1820 1351 1858 seruis

317 1884 463 1922 Prefuit
491 1892 611 1934 atque
640 1897 710 1922 sua
738 1885 823 1934 lege
853 1884 1006 1934 subegit
1035 1896 1114 1922 eos.

372 1950 458 1987 Nos
490 1950 614 1999 magis
644 1950 827 1987 hesterna
856 1949 948 1987 facit
976 1949 1222 1998 experiencia
1251 1949 1403 1996 doctos,

319 2015 428 2062 Quid
460 2015 535 2052 sibi
565 2015 728 2064 perfidie
758 2027 893 2052 seruus
923 2015 1054 2063 iniqus
1084 2013 1230 2062 habet3

318 2081 372 2116 Vt
402 2079 520 2118 blada
549 2081 668 2118 cardo
698 2093 847 2118 nocens
876 2080 1029 2127 minuit,
1061 2080 1092 2117 si
1122 2092 1203 2117 non
1233 2080 1443 2127 minuatur,

319 2145 382 2183 Sic
411 2152 547 2195 grauat
577 2146 794 2184 indomitus
823 2146 989 2183 rusticus
1020 2146 1103 2194 ipse
1132 2145 1289 2194 probos.

318 2211 541 2259 Vngentem
573 2211 711 2260 pungit
740 2217 983 2260 pungentem
1014 2211 1181 2248 rusticus
1211 2211 1330 2260 vngst,

319 2276 471 2325 Regula
501 2288 574 2314 nec
604 2276 698 2314 fallit
728 2289 847 2325 quam
877 2283 988 2314 vetus
1018 2276 1116 2313 ordo
1146 2276 1286 2313 docet:

317 2341 436 2390 Vulgi
464 2342 656 2379 cardones
686 2342 746 2380 lex
775 2348 953 2390 amputet
983 2354 1074 2390 ergo
1105 2342 1284 2387 nocinS‚

320 2406 382 2443 Ne
412 2405 529 2443 blada
558 2413 778 2455 pungentes
808 2406 1002 2444 nobiliora
1032 2412 1168 2444 terant.

320 2469 466 2508 Nobile
496 2471 685 2520 quicquid
714 2471 862 2509 habent
893 2484 962 2509 seu
991 2471 1168 2519 dignum,
1199 2470 1343 2508 rustica
1372 2471 1500 2520 proles

321 2536 436 2573 Ledit
465 2536 505 2572 in
534 2537 724 2585 ingenuis,
757 2537 805 2574 sit
835 2536 909 2574 nisi
939 2537 1020 2574 lesa
1048 2535 1178 2584 prius:

321 2601 442 2648 Quod
473 2601 520 2638 sit
548 2602 741 2639 rusticitas
770 2602 867 2648 vilis,
899 2602 1016 2639 docet
1045 2606 1155 2638 actus
1184 2599 1236 2637 ad
1265 2607 1382 2646 extra,

321 2665 411 2712 Que
441 2665 570 2703 minus
600 2666 791 2714 ingenuos
820 2673 979 2715 propter
1007 2665 1174 2702 honesta
1201 2664 1294 2702 colit
1310 2678 1321 2711 3

320 2731 452 2779 thue
481 2730 616 2768 labant
644 2743 763 2769 curue
792 2731 894 2768 iusto
924 2731 1008 2768 sine
1038 2730 1214 2778 pondere
1243 2740 1377 2775 naues,

321 2795 397 2841 Sic,
429 2796 504 2832 nisi
535 2796 584 2833 sit
613 2808 781 2845 pressus,
811 2796 978 2833 rusticus
1008 2795 1092 2844 ipse
1120 2794 1234 2832 ferus.

376 2860 554 2899 Contulit
582 2866 621 2899 et
650 2859 783 2899 tribuit
803 2860 910 2913 *deus
940 2866 978 2898 et
1007 2858 1117 2897 labor
1147 2859 1281 2897 omnia
1310 2858 1436 2905 nobis,

1592 230 1672 269 217

1608 722 1673 762 580

1610 1379 1675 1412 590

1611 2021 1677 2052 600

1612 2670 1680 2703 610
