<?xml version="1.0" encoding="UTF-8"?>
<!DOCTYPE html PUBLIC "-//W3C//DTD XHTML 1.0 Transitional//EN"
    "http://www.w3.org/TR/xhtml1/DTD/xhtml1-transitional.dtd">
<html xmlns="http://www.w3.org/1999/xhtml" xml:lang="en" lang="en">
 <head>
  <title>
</title>
<meta http-equiv="Content-Type" content="text/html;charset=utf-8" />
  <meta name='ocr-system' content='tesseract 3.04.00' />
  <meta name='ocr-capabilities' content='ocr_page ocr_carea ocr_par ocr_line ocrx_word'/>
</head>
<body>
  <div class='ocr_page' id='page_1' title='image "./completeworksofj04gowe_0174.png"; bbox 0 0 2095 3173; ppageno 0'>
   <div class='ocr_carea' id='block_1_1' title="bbox 461 205 1813 259">
    <p class='ocr_par' dir='ltr' id='par_1_1' title="bbox 461 205 1813 259">
     <span class='ocr_line' id='line_1_1' title="bbox 461 205 1813 259; baseline 0.001 -13"><span class='ocrx_word' id='word_1_1' title='bbox 461 209 514 259; x_wconf 80' lang='lat'>84</span> <span class='ocrx_word' id='word_1_2' title='bbox 928 205 1058 247; x_wconf 92' lang='lat' dir='ltr'>VOX</span> <span class='ocrx_word' id='word_1_3' title='bbox 1100 206 1461 247; x_wconf 84' lang='lat' dir='ltr'><strong>CLAMANTIS</strong></span> <span class='ocrx_word' id='word_1_4' title='bbox 1796 212 1813 235; x_wconf 70' lang='lat'><strong>⁴</strong></span> 
     </span>
    </p>
   </div>
   <div class='ocr_carea' id='block_1_2' title="bbox 568 311 1937 1665">
    <p class='ocr_par' dir='ltr' id='par_1_2' title="bbox 568 311 1559 491">
     <span class='ocr_line' id='line_1_2' title="bbox 569 311 1537 362; baseline -0.002 -11"><span class='ocrx_word' id='word_1_5' title='bbox 569 313 609 352; x_wconf 86' lang='lat' dir='ltr'>Si</span> <span class='ocrx_word' id='word_1_6' title='bbox 639 313 732 351; x_wconf 90' lang='lat' dir='ltr'>dare</span> <span class='ocrx_word' id='word_1_7' title='bbox 761 325 842 351; x_wconf 92' lang='lat' dir='ltr'>non</span> <span class='ocrx_word' id='word_1_8' title='bbox 872 325 1034 362; x_wconf 89' lang='lat' dir='ltr'>possum</span> <span class='ocrx_word' id='word_1_9' title='bbox 1064 324 1239 357; x_wconf 89' lang='lat' dir='ltr'>munera,</span> <span class='ocrx_word' id='word_1_10' title='bbox 1269 311 1389 350; x_wconf 87' lang='lat' dir='ltr'>verba</span> <span class='ocrx_word' id='word_1_11' title='bbox 1418 311 1537 350; x_wconf 83' lang='lat' dir='ltr'>dabo.</span> 
     </span>
     <span class='ocr_line' id='line_1_3' title="bbox 568 376 1559 416; baseline -0.002 0"><span class='ocrx_word' id='word_1_12' title='bbox 568 379 757 416; x_wconf 85' lang='lat' dir='ltr'>Attamen</span> <span class='ocrx_word' id='word_1_13' title='bbox 788 378 827 415; x_wconf 93' lang='lat' dir='ltr'>in</span> <span class='ocrx_word' id='word_1_14' title='bbox 857 377 1022 416; x_wconf 91' lang='lat' dir='ltr'>domino</span> <span class='ocrx_word' id='word_1_15' title='bbox 1051 377 1229 414; x_wconf 89' lang='lat' dir='ltr'>credenti</span> <span class='ocrx_word' id='word_1_16' title='bbox 1259 377 1366 414; x_wconf 90' lang='lat' dir='ltr'>nulla</span> <span class='ocrx_word' id='word_1_17' title='bbox 1394 376 1559 414; x_wconf 82' lang='lat' dir='ltr'>facultas</span> 
     </span>
     <span class='ocr_line' id='line_1_4' title="bbox 572 441 1494 491; baseline -0.003 -9"><span class='ocrx_word' id='word_1_18' title='bbox 572 444 643 481; x_wconf 90' lang='lat' dir='ltr'>Est</span> <span class='ocrx_word' id='word_1_19' title='bbox 673 441 940 491; x_wconf 89' lang='lat' dir='ltr'>impossibilis,</span> <span class='ocrx_word' id='word_1_20' title='bbox 972 441 1069 479; x_wconf 91' lang='lat' dir='ltr'>dum</span> <span class='ocrx_word' id='word_1_21' title='bbox 1099 441 1203 479; x_wconf 90' lang='lat' dir='ltr'>bene</span> <span class='ocrx_word' id='word_1_22' title='bbox 1233 441 1351 479; x_wconf 81' lang='lat' dir='ltr'>sentit</span> <span class='ocrx_word' id='word_1_23' title='bbox 1381 453 1494 491; x_wconf 90' lang='lat' dir='ltr'>opus.</span> 
     </span>
    </p>

    <p class='ocr_par' dir='ltr' id='par_1_3' title="bbox 568 506 1935 816">
     <span class='ocr_line' id='line_1_5' title="bbox 624 506 1617 555; baseline -0.002 -10"><span class='ocrx_word' id='word_1_24' title='bbox 624 507 766 546; x_wconf 84' lang='lat' dir='ltr'>Gracia</span> <span class='ocrx_word' id='word_1_25' title='bbox 795 518 916 555; x_wconf 91' lang='lat' dir='ltr'>quem</span> <span class='ocrx_word' id='word_1_26' title='bbox 946 506 1064 546; x_wconf 91' lang='lat' dir='ltr'>Cristi</span> <span class='ocrx_word' id='word_1_27' title='bbox 1094 507 1203 551; x_wconf 84' lang='lat' dir='ltr'>ditat,</span> <span class='ocrx_word' id='word_1_28' title='bbox 1235 518 1316 544; x_wconf 91' lang='lat' dir='ltr'>non</span> <span class='ocrx_word' id='word_1_29' title='bbox 1346 506 1496 555; x_wconf 88' lang='lat' dir='ltr'>indiget</span> <span class='ocrx_word' id='word_1_30' title='bbox 1527 506 1591 544; x_wconf 91' lang='lat' dir='ltr'>ille</span> <span class='ocrx_word' id='word_1_31' title='bbox 1607 520 1617 553; x_wconf 79' lang='lat'><em>3</em></span> 
     </span>
     <span class='ocr_line' id='line_1_6' title="bbox 570 571 1595 621; baseline -0.001 -12"><span class='ocrx_word' id='word_1_32' title='bbox 570 573 703 620; x_wconf 85' lang='lat' dir='ltr'><strong>Quem</strong></span> <span class='ocrx_word' id='word_1_33' title='bbox 733 571 831 609; x_wconf 90' lang='lat' dir='ltr'>deus</span> <span class='ocrx_word' id='word_1_34' title='bbox 860 578 1090 621; x_wconf 82' lang='lat' dir='ltr'>augmentat</span> <span class='ocrx_word' id='word_1_35' title='bbox 1118 571 1297 621; x_wconf 85' lang='lat' dir='ltr'>possidet</span> <span class='ocrx_word' id='word_1_36' title='bbox 1326 571 1449 609; x_wconf 90' lang='lat' dir='ltr'>immo</span> <span class='ocrx_word' id='word_1_37' title='bbox 1479 571 1595 609; x_wconf 89' lang='lat' dir='ltr'>satis:</span> 
     </span>
     <span class='ocr_line' id='line_1_7' title="bbox 568 636 1659 686; baseline -0.003 -11"><span class='ocrx_word' id='word_1_38' title='bbox 568 636 745 675; x_wconf 85' lang='lat' dir='ltr'>Grandia</span> <span class='ocrx_word' id='word_1_39' title='bbox 774 636 825 674; x_wconf 92' lang='lat' dir='ltr'>de</span> <span class='ocrx_word' id='word_1_40' title='bbox 854 637 1014 675; x_wconf 90' lang='lat' dir='ltr'>modico</span> <span class='ocrx_word' id='word_1_41' title='bbox 1044 649 1162 675; x_wconf 92' lang='lat' dir='ltr'>sensu</span> <span class='ocrx_word' id='word_1_42' title='bbox 1191 636 1435 686; x_wconf 79' lang='lat' dir='ltr'>quandoque</span> <span class='ocrx_word' id='word_1_43' title='bbox 1464 642 1659 685; x_wconf 80' lang='lat' dir='ltr'>parantur,</span> 
     </span>
     <span class='ocr_line' id='line_1_8' title="bbox 569 701 1935 751; baseline -0.001 -13"><span class='ocrx_word' id='word_1_44' title='bbox 569 702 777 750; x_wconf 87' lang='lat' dir='ltr'>Paruaque</span> <span class='ocrx_word' id='word_1_45' title='bbox 806 713 899 750; x_wconf 89' lang='lat' dir='ltr'>sepe</span> <span class='ocrx_word' id='word_1_46' title='bbox 928 714 1069 740; x_wconf 89' lang='lat' dir='ltr'>manus</span> <span class='ocrx_word' id='word_1_47' title='bbox 1099 701 1234 751; x_wconf 87' lang='lat' dir='ltr'>predia</span> <span class='ocrx_word' id='word_1_48' title='bbox 1263 713 1406 751; x_wconf 86' lang='lat' dir='ltr'>magna</span> <span class='ocrx_word' id='word_1_49' title='bbox 1433 701 1549 740; x_wconf 87' lang='lat' dir='ltr'>facit:</span> <span class='ocrx_word' id='word_1_50' title='bbox 1895 714 1935 748; x_wconf 79' lang='lat'>70</span> 
     </span>
     <span class='ocr_line' id='line_1_9' title="bbox 569 765 1522 816; baseline -0.002 -11"><span class='ocrx_word' id='word_1_51' title='bbox 569 766 710 815; x_wconf 88' lang='lat' dir='ltr'>Sepius</span> <span class='ocrx_word' id='word_1_52' title='bbox 740 766 918 815; x_wconf 86' lang='lat' dir='ltr'>ingentes</span> <span class='ocrx_word' id='word_1_53' title='bbox 947 766 1013 803; x_wconf 87' lang='lat' dir='ltr'>lux</span> <span class='ocrx_word' id='word_1_54' title='bbox 1042 766 1150 815; x_wconf 90' lang='lat' dir='ltr'>pellit</span> <span class='ocrx_word' id='word_1_55' title='bbox 1179 779 1300 816; x_wconf 87' lang='lat' dir='ltr'>parua</span> <span class='ocrx_word' id='word_1_56' title='bbox 1328 765 1522 812; x_wconf 83' lang='lat' dir='ltr'>tenebras,</span> 
     </span>
    </p>

    <p class='ocr_par' dir='ltr' id='par_1_4' title="bbox 569 832 1485 881">
     <span class='ocr_line' id='line_1_10' title="bbox 569 832 1485 881; baseline -0.001 -11"><span class='ocrx_word' id='word_1_57' title='bbox 569 832 741 870; x_wconf 88' lang='lat' dir='ltr'>Riuulus</span> <span class='ocrx_word' id='word_1_58' title='bbox 771 838 810 870; x_wconf 91' lang='lat' dir='ltr'>et</span> <span class='ocrx_word' id='word_1_59' title='bbox 839 832 975 870; x_wconf 88' lang='lat' dir='ltr'>dulces</span> <span class='ocrx_word' id='word_1_60' title='bbox 1005 844 1098 881; x_wconf 88' lang='lat' dir='ltr'>sepe</span> <span class='ocrx_word' id='word_1_61' title='bbox 1127 832 1321 869; x_wconf 86' lang='lat' dir='ltr'>ministrat</span> <span class='ocrx_word' id='word_1_62' title='bbox 1350 844 1485 881; x_wconf 86' lang='lat' dir='ltr'>aquas.</span> 
     </span>
    </p>

    <p class='ocr_par' dir='ltr' id='par_1_5' title="bbox 570 896 1573 944">
     <span class='ocr_line' id='line_1_11' title="bbox 570 896 1573 944; baseline -0.002 -8"><span class='ocrx_word' id='word_1_63' title='bbox 570 896 738 936; x_wconf 88' lang='lat' dir='ltr'>Constat</span> <span class='ocrx_word' id='word_1_64' title='bbox 767 896 926 935; x_wconf 83' lang='lat' dir='ltr'>difficile</span> <span class='ocrx_word' id='word_1_65' title='bbox 955 897 1103 934; x_wconf 88' lang='lat' dir='ltr'>iustum</span> <span class='ocrx_word' id='word_1_66' title='bbox 1134 896 1254 934; x_wconf 88' lang='lat' dir='ltr'>nichil</span> <span class='ocrx_word' id='word_1_67' title='bbox 1284 908 1371 934; x_wconf 91' lang='lat' dir='ltr'>esse</span> <span class='ocrx_word' id='word_1_68' title='bbox 1399 896 1547 934; x_wconf 88' lang='lat' dir='ltr'>volenti</span> <span class='ocrx_word' id='word_1_69' title='bbox 1562 910 1573 944; x_wconf 79' lang='lat'>3</span> 
     </span>
    </p>

    <p class='ocr_par' dir='ltr' id='par_1_6' title="bbox 569 961 1555 1011">
     <span class='ocr_line' id='line_1_12' title="bbox 569 961 1555 1011; baseline -0.001 -11"><span class='ocrx_word' id='word_1_70' title='bbox 569 963 622 1000; x_wconf 91' lang='lat' dir='ltr'>Vt</span> <span class='ocrx_word' id='word_1_71' title='bbox 651 962 753 1010; x_wconf 92' lang='lat' dir='ltr'>volo,</span> <span class='ocrx_word' id='word_1_72' title='bbox 786 962 841 1000; x_wconf 85' lang='lat' dir='ltr'>sic</span> <span class='ocrx_word' id='word_1_73' title='bbox 869 961 1034 1000; x_wconf 91' lang='lat' dir='ltr'>verbum</span> <span class='ocrx_word' id='word_1_74' title='bbox 1063 962 1130 1000; x_wconf 92' lang='lat' dir='ltr'>det</span> <span class='ocrx_word' id='word_1_75' title='bbox 1159 961 1258 1000; x_wconf 90' lang='lat' dir='ltr'>deus</span> <span class='ocrx_word' id='word_1_76' title='bbox 1287 973 1380 1011; x_wconf 86' lang='lat' dir='ltr'>ergo</span> <span class='ocrx_word' id='word_1_77' title='bbox 1408 974 1555 1000; x_wconf 89' lang='lat' dir='ltr'>meum.</span> 
     </span>
    </p>

    <p class='ocr_par' dir='ltr' id='par_1_7' title="bbox 573 1027 1749 1132">
     <span class='ocr_line' id='line_1_13' title="bbox 573 1027 1749 1077; baseline -0.002 -11"><span class='ocrx_word' id='word_1_78' title='bbox 573 1028 667 1066; x_wconf 92' lang='lat' dir='ltr'>Non</span> <span class='ocrx_word' id='word_1_79' title='bbox 696 1034 830 1066; x_wconf 87' lang='lat' dir='ltr'>tamen</span> <span class='ocrx_word' id='word_1_80' title='bbox 860 1040 907 1066; x_wconf 85' lang='lat' dir='ltr'>ex</span> <span class='ocrx_word' id='word_1_81' title='bbox 935 1027 1102 1077; x_wconf 88' lang='lat' dir='ltr'>propriis</span> <span class='ocrx_word' id='word_1_82' title='bbox 1132 1027 1262 1066; x_wconf 87' lang='lat' dir='ltr'>dicam</span> <span class='ocrx_word' id='word_1_83' title='bbox 1292 1040 1371 1077; x_wconf 93' lang='lat' dir='ltr'>que</span> <span class='ocrx_word' id='word_1_84' title='bbox 1399 1027 1519 1065; x_wconf 88' lang='lat' dir='ltr'>verba</span> <span class='ocrx_word' id='word_1_85' title='bbox 1548 1034 1749 1077; x_wconf 87' lang='lat' dir='ltr'>sequntur,</span> 
     </span>
     <span class='ocr_line' id='line_1_14' title="bbox 575 1093 1436 1132; baseline 0.001 -1"><span class='ocrx_word' id='word_1_86' title='bbox 575 1093 642 1132; x_wconf 88' lang='lat' dir='ltr'>Set</span> <span class='ocrx_word' id='word_1_87' title='bbox 671 1093 777 1132; x_wconf 90' lang='lat' dir='ltr'>velut</span> <span class='ocrx_word' id='word_1_88' title='bbox 806 1094 1019 1132; x_wconf 91' lang='lat' dir='ltr'>instructus</span> <span class='ocrx_word' id='word_1_89' title='bbox 1049 1094 1218 1131; x_wconf 90' lang='lat' dir='ltr'>nuncius</span> <span class='ocrx_word' id='word_1_90' title='bbox 1249 1094 1312 1131; x_wconf 89' lang='lat' dir='ltr'>illa</span> <span class='ocrx_word' id='word_1_91' title='bbox 1341 1094 1436 1132; x_wconf 86' lang='lat' dir='ltr'>fero.</span> 
     </span>
    </p>

    <p class='ocr_par' dir='ltr' id='par_1_8' title="bbox 572 1158 1629 1274">
     <span class='ocr_line' id='line_1_15' title="bbox 572 1158 1629 1208; baseline -0.001 -12"><span class='ocrx_word' id='word_1_92' title='bbox 572 1159 717 1197; x_wconf 90' lang='lat' dir='ltr'>Lectus</span> <span class='ocrx_word' id='word_1_93' title='bbox 749 1164 787 1196; x_wconf 88' lang='lat' dir='ltr'>vt</span> <span class='ocrx_word' id='word_1_94' title='bbox 817 1165 876 1197; x_wconf 91' lang='lat' dir='ltr'>est</span> <span class='ocrx_word' id='word_1_95' title='bbox 905 1158 1018 1196; x_wconf 89' lang='lat' dir='ltr'>variis</span> <span class='ocrx_word' id='word_1_96' title='bbox 1048 1159 1189 1196; x_wconf 88' lang='lat' dir='ltr'>florum</span> <span class='ocrx_word' id='word_1_97' title='bbox 1219 1159 1270 1197; x_wconf 91' lang='lat' dir='ltr'>de</span> <span class='ocrx_word' id='word_1_98' title='bbox 1299 1158 1475 1208; x_wconf 86' lang='lat' dir='ltr'>germine</span> <span class='ocrx_word' id='word_1_99' title='bbox 1503 1158 1629 1204; x_wconf 89' lang='lat' dir='ltr'>fauus,</span> 
     </span>
     <span class='ocr_line' id='line_1_16' title="bbox 573 1224 1438 1274; baseline -0.001 -12"><span class='ocrx_word' id='word_1_100' title='bbox 573 1225 776 1274; x_wconf 91' lang='lat' dir='ltr'>Lectaque</span> <span class='ocrx_word' id='word_1_101' title='bbox 805 1224 965 1262; x_wconf 89' lang='lat' dir='ltr'>diuerso</span> <span class='ocrx_word' id='word_1_102' title='bbox 993 1225 1106 1262; x_wconf 89' lang='lat' dir='ltr'>litore</span> <span class='ocrx_word' id='word_1_103' title='bbox 1135 1224 1290 1262; x_wconf 81' lang='lat' dir='ltr'>concha</span> <span class='ocrx_word' id='word_1_104' title='bbox 1319 1224 1438 1269; x_wconf 89' lang='lat' dir='ltr'>venit,</span> 
     </span>
    </p>

    <p class='ocr_par' dir='ltr' id='par_1_9' title="bbox 574 1288 1573 1338">
     <span class='ocr_line' id='line_1_17' title="bbox 574 1288 1573 1338; baseline 0 -12"><span class='ocrx_word' id='word_1_105' title='bbox 574 1289 638 1327; x_wconf 87' lang='lat' dir='ltr'>Sic</span> <span class='ocrx_word' id='word_1_106' title='bbox 667 1289 788 1327; x_wconf 88' lang='lat' dir='ltr'>michi</span> <span class='ocrx_word' id='word_1_107' title='bbox 817 1289 974 1327; x_wconf 89' lang='lat' dir='ltr'>diuersa</span> <span class='ocrx_word' id='word_1_108' title='bbox 1002 1288 1223 1327; x_wconf 87' lang='lat' dir='ltr'>tribuerunt</span> <span class='ocrx_word' id='word_1_109' title='bbox 1253 1289 1331 1327; x_wconf 91' lang='lat' dir='ltr'>hoc</span> <span class='ocrx_word' id='word_1_110' title='bbox 1360 1300 1461 1338; x_wconf 90' lang='lat' dir='ltr'>opus</span> <span class='ocrx_word' id='word_1_111' title='bbox 1490 1300 1573 1334; x_wconf 90' lang='lat' dir='ltr'>ora,</span> 
     </span>
    </p>

    <p class='ocr_par' dir='ltr' id='par_1_10' title="bbox 574 1352 1937 1533">
     <span class='ocr_line' id='line_1_18' title="bbox 574 1352 1937 1392; baseline -0.001 -1"><span class='ocrx_word' id='word_1_112' title='bbox 574 1354 626 1391; x_wconf 92' lang='lat' dir='ltr'>Et</span> <span class='ocrx_word' id='word_1_113' title='bbox 655 1354 760 1392; x_wconf 89' lang='lat' dir='ltr'>visus</span> <span class='ocrx_word' id='word_1_114' title='bbox 789 1354 884 1392; x_wconf 89' lang='lat' dir='ltr'>varii</span> <span class='ocrx_word' id='word_1_115' title='bbox 914 1359 1005 1391; x_wconf 89' lang='lat' dir='ltr'>sunt</span> <span class='ocrx_word' id='word_1_116' title='bbox 1031 1353 1152 1391; x_wconf 89' lang='lat' dir='ltr'>michi</span> <span class='ocrx_word' id='word_1_117' title='bbox 1182 1366 1301 1391; x_wconf 85' lang='lat' dir='ltr'>causa</span> <span class='ocrx_word' id='word_1_118' title='bbox 1330 1352 1445 1391; x_wconf 87' lang='lat' dir='ltr'>libri:</span> <span class='ocrx_word' id='word_1_119' title='bbox 1895 1360 1937 1391; x_wconf 84' lang='lat'>80</span> 
     </span>
     <span class='ocr_line' id='line_1_19' title="bbox 574 1418 1607 1457; baseline 0 -1"><span class='ocrx_word' id='word_1_120' title='bbox 574 1419 797 1457; x_wconf 88' lang='lat' dir='ltr'>Doctorum</span> <span class='ocrx_word' id='word_1_121' title='bbox 825 1425 1003 1457; x_wconf 87' lang='lat' dir='ltr'>veterum</span> <span class='ocrx_word' id='word_1_122' title='bbox 1032 1431 1121 1457; x_wconf 88' lang='lat' dir='ltr'>mea</span> <span class='ocrx_word' id='word_1_123' title='bbox 1151 1419 1325 1456; x_wconf 86' lang='lat' dir='ltr'>carmina</span> <span class='ocrx_word' id='word_1_124' title='bbox 1356 1418 1607 1456; x_wconf 89' lang='lat' dir='ltr'>fortificando</span> 
     </span>
     <span class='ocr_line' id='line_1_20' title="bbox 574 1483 1423 1533; baseline 0.002 -13"><span class='ocrx_word' id='word_1_125' title='bbox 574 1483 758 1522; x_wconf 89' lang='lat' dir='ltr'>Pluribus</span> <span class='ocrx_word' id='word_1_126' title='bbox 787 1484 977 1533; x_wconf 88' lang='lat' dir='ltr'>exemplis</span> <span class='ocrx_word' id='word_1_127' title='bbox 1007 1484 1149 1533; x_wconf 89' lang='lat' dir='ltr'>scripta</span> <span class='ocrx_word' id='word_1_128' title='bbox 1178 1484 1297 1522; x_wconf 89' lang='lat' dir='ltr'>fuisse</span> <span class='ocrx_word' id='word_1_129' title='bbox 1326 1496 1423 1522; x_wconf 91' lang='lat' dir='ltr'>reor.</span> 
     </span>
    </p>

    <p class='ocr_par' dir='ltr' id='par_1_11' title="bbox 574 1549 1654 1665">
     <span class='ocr_line' id='line_1_21' title="bbox 574 1549 1654 1598; baseline 0.001 -12"><span class='ocrx_word' id='word_1_130' title='bbox 574 1549 663 1587; x_wconf 83' lang='lat' dir='ltr'>Vox</span> <span class='ocrx_word' id='word_1_131' title='bbox 692 1549 898 1587; x_wconf 86' lang='lat' dir='ltr'>clamantis</span> <span class='ocrx_word' id='word_1_132' title='bbox 927 1550 999 1587; x_wconf 90' lang='lat' dir='ltr'>erit</span> <span class='ocrx_word' id='word_1_133' title='bbox 1029 1561 1258 1598; x_wconf 87' lang='lat' dir='ltr'>nomenque</span> <span class='ocrx_word' id='word_1_134' title='bbox 1286 1550 1497 1587; x_wconf 87' lang='lat' dir='ltr'>voluminis</span> <span class='ocrx_word' id='word_1_135' title='bbox 1527 1549 1654 1596; x_wconf 89' lang='lat' dir='ltr'>huius,</span> 
     </span>
     <span class='ocr_line' id='line_1_22' title="bbox 576 1614 1585 1665; baseline -0.001 -12"><span class='ocrx_word' id='word_1_136' title='bbox 576 1614 699 1663; x_wconf 87' lang='lat' dir='ltr'>Quod</span> <span class='ocrx_word' id='word_1_137' title='bbox 728 1614 802 1653; x_wconf 89' lang='lat' dir='ltr'>sibi</span> <span class='ocrx_word' id='word_1_138' title='bbox 831 1615 975 1665; x_wconf 89' lang='lat' dir='ltr'>scripta</span> <span class='ocrx_word' id='word_1_139' title='bbox 1004 1615 1098 1653; x_wconf 92' lang='lat' dir='ltr'>noui</span> <span class='ocrx_word' id='word_1_140' title='bbox 1129 1614 1246 1653; x_wconf 86' lang='lat' dir='ltr'>verba</span> <span class='ocrx_word' id='word_1_141' title='bbox 1276 1615 1422 1654; x_wconf 90' lang='lat' dir='ltr'>doloris</span> <span class='ocrx_word' id='word_1_142' title='bbox 1453 1614 1585 1653; x_wconf 90' lang='lat' dir='ltr'>habet.</span> 
     </span>
    </p>
   </div>
   <div class='ocr_carea' id='block_1_3' title="bbox 469 1888 1940 2105">
    <p class='ocr_par' dir='ltr' id='par_1_12' title="bbox 469 1888 1940 2105">
     <span class='ocr_line' id='line_1_23' title="bbox 513 1888 1939 1932; baseline 0.001 -10"><span class='ocrx_word' id='word_1_143' title='bbox 513 1888 590 1922; x_wconf 89' lang='lat' dir='ltr'>Hic</span> <span class='ocrx_word' id='word_1_144' title='bbox 632 1888 744 1928; x_wconf 91' lang='lat' dir='ltr'>dicit,</span> <span class='ocrx_word' id='word_1_145' title='bbox 784 1888 1009 1923; x_wconf 88' lang='lat' dir='ltr'>secundum</span> <span class='ocrx_word' id='word_1_146' title='bbox 1050 1888 1159 1932; x_wconf 84' lang='lat' dir='ltr'>quod</span> <span class='ocrx_word' id='word_1_147' title='bbox 1200 1888 1250 1924; x_wconf 92' lang='lat' dir='ltr'>de</span> <span class='ocrx_word' id='word_1_148' title='bbox 1292 1889 1474 1923; x_wconf 85' lang='lat' dir='ltr'>clamore</span> <span class='ocrx_word' id='word_1_149' title='bbox 1517 1888 1724 1923; x_wconf 90' lang='lat' dir='ltr'>communi</span> <span class='ocrx_word' id='word_1_150' title='bbox 1766 1888 1939 1928; x_wconf 85' lang='lat' dir='ltr'>audiuit,</span> 
     </span>
     <span class='ocr_line' id='line_1_24' title="bbox 470 1945 1940 1990; baseline -0.001 -10"><span class='ocrx_word' id='word_1_151' title='bbox 470 1946 647 1989; x_wconf 85' lang='lat' dir='ltr'>qualiter</span> <span class='ocrx_word' id='word_1_152' title='bbox 680 1947 820 1981; x_wconf 86' lang='lat' dir='ltr'>status</span> <span class='ocrx_word' id='word_1_153' title='bbox 855 1949 898 1981; x_wconf 93' lang='lat' dir='ltr'>et</span> <span class='ocrx_word' id='word_1_154' title='bbox 927 1946 1030 1981; x_wconf 90' lang='lat' dir='ltr'>ordo</span> <span class='ocrx_word' id='word_1_155' title='bbox 1062 1946 1202 1981; x_wconf 87' lang='lat' dir='ltr'>mundi</span> <span class='ocrx_word' id='word_1_156' title='bbox 1236 1947 1428 1990; x_wconf 90' lang='lat' dir='ltr'>precipue</span> <span class='ocrx_word' id='word_1_157' title='bbox 1462 1947 1506 1980; x_wconf 90' lang='lat' dir='ltr'>in</span> <span class='ocrx_word' id='word_1_158' title='bbox 1539 1947 1731 1990; x_wconf 87' lang='lat' dir='ltr'>partibus</span> <span class='ocrx_word' id='word_1_159' title='bbox 1764 1946 1863 1980; x_wconf 85' lang='lat' dir='ltr'>istis</span> <span class='ocrx_word' id='word_1_160' title='bbox 1897 1945 1940 1979; x_wconf 87' lang='lat' dir='ltr'>in</span> 
     </span>
     <span class='ocr_line' id='line_1_25' title="bbox 469 2004 1940 2048; baseline 0 -10"><span class='ocrx_word' id='word_1_161' title='bbox 469 2005 587 2047; x_wconf 87' lang='lat' dir='ltr'>peius</span> <span class='ocrx_word' id='word_1_162' title='bbox 619 2004 906 2048; x_wconf 86' lang='lat' dir='ltr'>multipliciter</span> <span class='ocrx_word' id='word_1_163' title='bbox 937 2004 1181 2045; x_wconf 77' lang='lat' dir='ltr'>variantur3</span> <span class='ocrx_word' id='word_1_164' title='bbox 1227 2006 1270 2040; x_wconf 91' lang='lat' dir='ltr'>et</span> <span class='ocrx_word' id='word_1_165' title='bbox 1303 2004 1508 2048; x_wconf 86' lang='lat' dir='ltr'>quomodo</span> <span class='ocrx_word' id='word_1_166' title='bbox 1548 2014 1673 2048; x_wconf 82' lang='lat' dir='ltr'>super</span> <span class='ocrx_word' id='word_1_167' title='bbox 1704 2004 1783 2039; x_wconf 93' lang='lat' dir='ltr'>hoc</span> <span class='ocrx_word' id='word_1_168' title='bbox 1816 2014 1940 2039; x_wconf 87' lang='lat' dir='ltr'>vnus-</span> 
     </span>
     <span class='ocr_line' id='line_1_26' title="bbox 470 2062 1082 2105; baseline 0 -9"><span class='ocrx_word' id='word_1_169' title='bbox 470 2062 644 2105; x_wconf 85' lang='lat' dir='ltr'>quisque</span> <span class='ocrx_word' id='word_1_170' title='bbox 660 2062 875 2097; x_wconf 85' lang='lat' dir='ltr'>fortunam</span> <span class='ocrx_word' id='word_1_171' title='bbox 893 2064 1082 2097; x_wconf 84' lang='lat' dir='ltr'>accusat.</span> 
     </span>
    </p>
   </div>
   <div class='ocr_carea' id='block_1_4' title="bbox 898 2200 1488 2249">
    <p class='ocr_par' dir='ltr' id='par_1_13' title="bbox 898 2200 1488 2249">
     <span class='ocr_line' id='line_1_27' title="bbox 898 2200 1488 2249; baseline 0 -10"><span class='ocrx_word' id='word_1_172' title='bbox 898 2202 1059 2249; x_wconf 90' lang='lat' dir='ltr'>Incipit</span> <span class='ocrx_word' id='word_1_173' title='bbox 1086 2202 1203 2239; x_wconf 89' lang='lat' dir='ltr'>liber</span> <span class='ocrx_word' id='word_1_174' title='bbox 1232 2200 1488 2240; x_wconf 88' lang='lat' dir='ltr'>Secundus.</span> 
     </span>
    </p>
   </div>
   <div class='ocr_carea' id='block_1_5' title="bbox 377 2301 1694 2805">
    <p class='ocr_par' dir='ltr' id='par_1_14' title="bbox 377 2301 1677 2415">
     <span class='ocr_line' id='line_1_28' title="bbox 377 2301 1677 2352; baseline 0.002 -13"><span class='ocrx_word' id='word_1_175' title='bbox 377 2302 505 2349; x_wconf 76' lang='lat' dir='ltr'>Capm.</span> <span class='ocrx_word' id='word_1_176' title='bbox 528 2302 549 2339; x_wconf 93' lang='lat' dir='ltr'>i.</span> <span class='ocrx_word' id='word_1_177' title='bbox 637 2301 791 2339; x_wconf 89' lang='lat' dir='ltr'>neausti</span> <span class='ocrx_word' id='word_1_178' title='bbox 820 2301 952 2351; x_wconf 88' lang='lat' dir='ltr'>specie</span> <span class='ocrx_word' id='word_1_179' title='bbox 981 2301 1160 2339; x_wconf 89' lang='lat' dir='ltr'>lacrimas</span> <span class='ocrx_word' id='word_1_180' title='bbox 1190 2301 1308 2347; x_wconf 92' lang='lat' dir='ltr'>dabo,</span> <span class='ocrx_word' id='word_1_181' title='bbox 1338 2301 1388 2339; x_wconf 93' lang='lat' dir='ltr'>de</span> <span class='ocrx_word' id='word_1_182' title='bbox 1418 2301 1562 2350; x_wconf 89' lang='lat' dir='ltr'>quibus</span> <span class='ocrx_word' id='word_1_183' title='bbox 1592 2302 1677 2352; x_wconf 90' lang='lat' dir='ltr'>ipse</span> 
     </span>
     <span class='ocr_line' id='line_1_29' title="bbox 665 2365 1599 2415; baseline 0 -11"><span class='ocrx_word' id='word_1_184' title='bbox 665 2365 842 2404; x_wconf 87' lang='lat' dir='ltr'>Scribam</span> <span class='ocrx_word' id='word_1_185' title='bbox 872 2379 963 2404; x_wconf 90' lang='lat' dir='ltr'>cum</span> <span class='ocrx_word' id='word_1_186' title='bbox 993 2366 1146 2404; x_wconf 87' lang='lat' dir='ltr'>calamo</span> <span class='ocrx_word' id='word_1_187' title='bbox 1176 2366 1226 2403; x_wconf 92' lang='lat' dir='ltr'>de</span> <span class='ocrx_word' id='word_1_188' title='bbox 1258 2367 1448 2415; x_wconf 86' lang='lat' dir='ltr'>grauitate</span> <span class='ocrx_word' id='word_1_189' title='bbox 1478 2379 1599 2404; x_wconf 91' lang='lat' dir='ltr'>nouo.</span> 
     </span>
    </p>

    <p class='ocr_par' dir='ltr' id='par_1_15' title="bbox 580 2431 1694 2805">
     <span class='ocr_line' id='line_1_30' title="bbox 580 2431 1694 2479; baseline 0 -9"><span class='ocrx_word' id='word_1_190' title='bbox 580 2433 680 2470; x_wconf 88' lang='lat' dir='ltr'>Esse</span> <span class='ocrx_word' id='word_1_191' title='bbox 708 2432 833 2469; x_wconf 86' lang='lat' dir='ltr'>virum</span> <span class='ocrx_word' id='word_1_192' title='bbox 863 2444 1009 2469; x_wconf 88' lang='lat' dir='ltr'>vanum</span> <span class='ocrx_word' id='word_1_193' title='bbox 1038 2431 1227 2469; x_wconf 89' lang='lat' dir='ltr'>Salomon</span> <span class='ocrx_word' id='word_1_194' title='bbox 1257 2431 1324 2468; x_wconf 86' lang='lat' dir='ltr'>dat</span> <span class='ocrx_word' id='word_1_195' title='bbox 1353 2438 1391 2469; x_wconf 89' lang='lat' dir='ltr'>et</span> <span class='ocrx_word' id='word_1_196' title='bbox 1420 2432 1554 2469; x_wconf 84' lang='lat' dir='ltr'>omnia</span> <span class='ocrx_word' id='word_1_197' title='bbox 1583 2444 1694 2479; x_wconf 77' lang='lat' dir='ltr'>vana,</span> 
     </span>
     <span class='ocr_line' id='line_1_31' title="bbox 580 2496 1554 2546; baseline -0.001 -12"><span class='ocrx_word' id='word_1_198' title='bbox 580 2498 740 2546; x_wconf 89' lang='lat' dir='ltr'>Datque</span> <span class='ocrx_word' id='word_1_199' title='bbox 769 2496 890 2533; x_wconf 92' lang='lat' dir='ltr'>nichil</span> <span class='ocrx_word' id='word_1_200' title='bbox 919 2496 1075 2533; x_wconf 89' lang='lat' dir='ltr'>firmum</span> <span class='ocrx_word' id='word_1_201' title='bbox 1105 2502 1233 2544; x_wconf 89' lang='lat' dir='ltr'>preter</span> <span class='ocrx_word' id='word_1_202' title='bbox 1261 2507 1392 2533; x_wconf 86' lang='lat' dir='ltr'>amare</span> <span class='ocrx_word' id='word_1_203' title='bbox 1422 2496 1554 2533; x_wconf 90' lang='lat' dir='ltr'>deum.</span> 
     </span>
     <span class='ocr_line' id='line_1_32' title="bbox 581 2560 1583 2611; baseline -0.001 -11"><span class='ocrx_word' id='word_1_204' title='bbox 581 2562 791 2611; x_wconf 87' lang='lat' dir='ltr'>Quotquot</span> <span class='ocrx_word' id='word_1_205' title='bbox 821 2568 1035 2599; x_wconf 87' lang='lat' dir='ltr'>nascuntur</span> <span class='ocrx_word' id='word_1_206' title='bbox 1063 2573 1139 2598; x_wconf 87' lang='lat' dir='ltr'>vox</span> <span class='ocrx_word' id='word_1_207' title='bbox 1166 2561 1240 2598; x_wconf 88' lang='lat' dir='ltr'>illis</span> <span class='ocrx_word' id='word_1_208' title='bbox 1271 2561 1395 2609; x_wconf 90' lang='lat' dir='ltr'>prima</span> <span class='ocrx_word' id='word_1_209' title='bbox 1424 2560 1583 2607; x_wconf 89' lang='lat' dir='ltr'>doloris,</span> 
     </span>
     <span class='ocr_line' id='line_1_33' title="bbox 581 2625 1443 2676; baseline -0.002 -12"><span class='ocrx_word' id='word_1_210' title='bbox 581 2627 727 2676; x_wconf 87' lang='lat' dir='ltr'>Incipit</span> <span class='ocrx_word' id='word_1_211' title='bbox 755 2639 778 2665; x_wconf 88' lang='lat' dir='ltr'>a</span> <span class='ocrx_word' id='word_1_212' title='bbox 807 2627 901 2664; x_wconf 91' lang='lat' dir='ltr'>fletu</span> <span class='ocrx_word' id='word_1_213' title='bbox 930 2626 1062 2665; x_wconf 90' lang='lat' dir='ltr'>viuere</span> <span class='ocrx_word' id='word_1_214' title='bbox 1090 2625 1268 2675; x_wconf 89' lang='lat' dir='ltr'>quisquis</span> <span class='ocrx_word' id='word_1_215' title='bbox 1298 2626 1443 2663; x_wconf 89' lang='lat' dir='ltr'>homo:</span> 
     </span>
     <span class='ocr_line' id='line_1_34' title="bbox 581 2690 1649 2740; baseline -0.001 -11"><span class='ocrx_word' id='word_1_216' title='bbox 581 2691 733 2730; x_wconf 89' lang='lat' dir='ltr'>Omnes</span> <span class='ocrx_word' id='word_1_217' title='bbox 763 2698 852 2740; x_wconf 89' lang='lat' dir='ltr'>post</span> <span class='ocrx_word' id='word_1_218' title='bbox 880 2691 1081 2728; x_wconf 87' lang='lat' dir='ltr'>lauacrum</span> <span class='ocrx_word' id='word_1_219' title='bbox 1110 2690 1323 2739; x_wconf 83' lang='lat' dir='ltr'>temptacio</span> <span class='ocrx_word' id='word_1_220' title='bbox 1353 2690 1477 2727; x_wconf 87' lang='lat' dir='ltr'>multa</span> <span class='ocrx_word' id='word_1_221' title='bbox 1506 2690 1649 2740; x_wconf 85' lang='lat' dir='ltr'>fatigat,</span> 
     </span>
     <span class='ocr_line' id='line_1_35' title="bbox 582 2755 1567 2805; baseline 0.001 -12"><span class='ocrx_word' id='word_1_222' title='bbox 582 2757 776 2795; x_wconf 87' lang='lat' dir='ltr'>Demonis</span> <span class='ocrx_word' id='word_1_223' title='bbox 805 2769 880 2804; x_wconf 82' lang='lat' dir='ltr'>ars,</span> <span class='ocrx_word' id='word_1_224' title='bbox 909 2756 1035 2794; x_wconf 88' lang='lat' dir='ltr'>carnis</span> <span class='ocrx_word' id='word_1_225' title='bbox 1065 2767 1207 2805; x_wconf 87' lang='lat' dir='ltr'>pugna,</span> <span class='ocrx_word' id='word_1_226' title='bbox 1239 2755 1386 2804; x_wconf 92' lang='lat' dir='ltr'>cupido</span> <span class='ocrx_word' id='word_1_227' title='bbox 1415 2756 1567 2805; x_wconf 86' lang='lat' dir='ltr'>grauis:</span> 
     </span>
    </p>
   </div>
   <div class='ocr_carea' id='block_1_6' title="bbox 757 2857 1655 2900">
    <p class='ocr_par' dir='ltr' id='par_1_16' title="bbox 757 2857 1655 2900">
     <span class='ocr_line' id='line_1_36' title="bbox 757 2857 1655 2900; baseline -0.001 -9"><span class='ocrx_word' id='word_1_228' title='bbox 757 2859 836 2900; x_wconf 77' lang='lat' dir='ltr'>Cap.</span> <span class='ocrx_word' id='word_1_229' title='bbox 855 2859 874 2891; x_wconf 88' lang='lat' dir='ltr'>i.</span> <span class='ocrx_word' id='word_1_230' title='bbox 894 2860 914 2890; x_wconf 88' lang='lat'>8</span> <span class='ocrx_word' id='word_1_231' title='bbox 937 2869 1052 2900; x_wconf 85' lang='lat' dir='ltr'>pugna</span> <span class='ocrx_word' id='word_1_232' title='bbox 1069 2857 1190 2890; x_wconf 88' lang='lat' dir='ltr'>CEDL</span> <span class='ocrx_word' id='word_1_233' title='bbox 1235 2868 1374 2899; x_wconf 84' lang='lat' dir='ltr'>pungna</span> <span class='ocrx_word' id='word_1_234' title='bbox 1392 2858 1416 2890; x_wconf 90' lang='lat' dir='ltr'>S</span> <span class='ocrx_word' id='word_1_235' title='bbox 1463 2869 1603 2899; x_wconf 86' lang='lat' dir='ltr'>pungna</span> <span class='ocrx_word' id='word_1_236' title='bbox 1622 2858 1655 2890; x_wconf 89' lang='lat' dir='ltr'>H</span> 
     </span>
    </p>
   </div>
   <div class='ocr_carea' id='block_1_7' title="bbox 2033 0 2070 3173">
    <p class='ocr_par' dir='ltr' id='par_1_17' title="bbox 2033 0 2070 3173">
     <span class='ocr_line' id='line_1_37' title="bbox 2033 0 2070 3173; baseline 0 0"><span class='ocrx_word' id='word_1_237' title='bbox 2033 0 2070 3173; x_wconf 95' lang='lat' dir='ltr'> </span> 
     </span>
    </p>
   </div>
  </div>
 </body>
</html>
