2095 3173
630 205 818 246 LIBER
860 204 1134 245 TERCIUS

248 313 387 351 ‘Virus
417 313 456 350 in
486 312 651 365 ecclesia
681 312 820 351 seritur
848 311 978 360 nune,'
1007 310 1170 361 angelus
1199 310 1337 360 inquit,

247 379 413 416 ‘Terrea
442 378 539 416 dum
569 378 708 416 mundi
739 378 782 415 fit
810 377 954 415 domus
984 377 1067 425 ipsa
1097 375 1186 414 dei.'

244 443 308 481 Sic
337 443 409 481 fuit
437 449 478 481 vt
507 443 613 490 dixit,
645 450 857 493 postquam
887 441 1086 491 possessio
1115 440 1239 479 creuit

245 509 292 546 In
323 509 523 558 proprium
555 509 658 555 cleri,
690 509 794 546 virus
824 508 979 546 adhesit
1009 507 1068 546 ei:

242 574 306 612 Sic
336 575 485 612 reditus
515 575 593 612 iam
623 574 792 623 quisque
821 586 913 611 suos
942 579 1059 620 amat,
1091 579 1130 611 et
1159 572 1233 610 sibi
1264 572 1360 622 quid
1390 573 1436 609 sit

240 639 347 677 Vtile
376 639 550 677 sollicitis
580 645 783 687 computat
812 638 896 688 ipse
925 637 1008 676 viis.

243 704 422 742 Ecclesie
452 705 534 742 iura
564 704 639 742 sibi
669 704 723 741 nil
754 710 856 750 sunt,
887 703 1111 742 dummodo
1140 709 1266 740 castra

241 769 391 808 Curant
420 782 510 808 cum
541 770 680 808 terris
709 770 948 819 amplificare
978 769 1068 807 suis.

242 835 430 873 Esuriunt
459 835 656 873 mundum
687 847 851 884 semper,
884 840 942 872 set
973 834 1012 871 in
1042 833 1181 872 ordine
1211 833 1339 871 solum

242 900 402 938 Nomen
431 899 482 938 ab
513 900 688 938 ecclesiis
719 900 860 938 sufficit
889 899 986 937 illud
1016 899 1082 937 eis.

241 963 403 1002 Ordinis
432 964 597 1014 angelici
627 964 747 1003 fertur
775 964 885 1013 quod
914 970 1004 1001 sunt
1034 962 1227 1001 dominati

241 1031 375 1078 Atque
404 1036 630 1079 potestates,
663 1030 718 1067 sic
748 1036 786 1067 et
817 1029 857 1066 in
887 1028 983 1067 orbe
1013 1028 1150 1074 vides;

241 1095 346 1133 Nam
376 1095 469 1145 quia
498 1095 624 1133 clerus
654 1094 708 1132 ibi
738 1095 876 1144 nequit
905 1094 998 1142 ipsis
1027 1092 1246 1138 assimilari,

241 1161 357 1199 Ferre
385 1160 626 1210 gerarchiam
657 1160 724 1198 dat
754 1158 828 1197 sibi
859 1165 959 1197 terra
988 1171 1123 1197 suam:

240 1225 303 1263 Sic
333 1226 426 1275 quia
449 1225 620 1275 prelatus
650 1224 804 1263 dubitat
834 1225 931 1274 quid
960 1237 1120 1274 carpere
1149 1226 1253 1272 celis,

240 1291 374 1328 Huius
403 1291 487 1329 vult
515 1289 656 1328 mundi
686 1296 814 1328 certus
845 1290 995 1328 honore
1025 1290 1109 1328 frui.

294 1356 402 1394 Dixit
432 1355 558 1393 Pilato
588 1355 750 1402 Cristus‚
783 1355 893 1404 quod
923 1355 962 1392 in
992 1355 1069 1393 hoc
1099 1354 1173 1393 sibi
1202 1355 1356 1393 mundo

241 1422 334 1460 Non
364 1421 489 1459 fuerat
516 1433 704 1470 regnum:
744 1420 822 1458 iam
853 1433 984 1470 neque
1012 1421 1143 1470 presul
1173 1433 1264 1459 eum

240 1487 518 1537 Consequitur,
551 1493 608 1525 set
638 1487 674 1525 ei
703 1487 897 1524 contraria
926 1499 1081 1525 sumere
1109 1487 1243 1524 cuncti

238 1552 377 1601 Regna
406 1552 555 1600 volunt,
587 1559 625 1590 et
655 1553 694 1589 in
724 1552 798 1590 hiis
828 1552 932 1590 bella
962 1564 1123 1590 mouere
1152 1552 1254 1589 viris.

239 1618 316 1655 Pro
346 1617 439 1656 fidei
468 1618 596 1655 causis
626 1618 768 1656 nolunt
798 1617 891 1656 dare
921 1617 1024 1656 bella
1053 1617 1227 1667 paganis,

238 1682 374 1720 Solum
405 1695 479 1721 nec
507 1682 626 1721 verba
656 1683 830 1732 pandere
859 1683 945 1732 lege
974 1695 1082 1720 sacra
1097 1696 1108 1731 3

241 1747 308 1786 Set
338 1760 409 1797 pro
437 1748 600 1786 terrenis
630 1748 661 1785 si
691 1748 974 1786 contradixerit
1003 1748 1095 1797 ipsis

239 1813 384 1850 Saltem
415 1812 631 1860 Cristicola,
664 1813 760 1851 dant
790 1812 843 1850 ibi
874 1813 977 1851 bella
1005 1813 1096 1851 fera.

239 1877 303 1915 Sic
332 1878 424 1927 quia
453 1878 655 1915 mundana
682 1878 766 1915 sine
796 1877 927 1916 Cristo
956 1878 1034 1915 iam
1063 1877 1168 1926 capit
1197 1888 1304 1914 arma

238 1943 377 1982 Clerus
407 1943 447 1980 in
477 1943 653 1990 ecclesia,
686 1942 767 1980 iure
796 1942 945 1980 carebit
974 1954 1032 1981 ea.

240 2008 523 2057 ‘Cognoscetis
553 2008 646 2055 eos‚'
677 2008 840 2055 Cristus,
876 2008 949 2046 ‘de
977 2007 1168 2045 fructibus
1197 2007 1363 2054 horum,’

240 2073 358 2120 Dicit,
390 2079 428 2111 et
458 2079 517 2111 est
546 2072 612 2110 illa
641 2073 772 2122 regula
801 2085 891 2111 vera
921 2073 1024 2111 satis.

237 2137 629 2187 Quomodocumque
658 2150 769 2175 suam
799 2138 925 2175 clerus
954 2138 1080 2187 legem
1110 2137 1321 2186 positiuam

237 2203 392 2249 Laruat,
424 2202 495 2240 erit
524 2202 632 2240 testis
661 2203 790 2240 cultus
819 2203 870 2240 ad
898 2210 985 2240 acta
1013 2202 1117 2240 foris.

238 2268 363 2317 Egros
391 2267 528 2306 vmbra
559 2267 662 2305 Petri
692 2268 856 2314 sanauit,
888 2268 953 2305 lux
982 2280 1114 2317 neque
1143 2274 1275 2305 nostra

241 2333 327 2371 Nec
357 2345 432 2370 vox
461 2345 535 2370 nee
563 2339 699 2371 votum
730 2333 827 2371 ferre
856 2339 1028 2371 meretur
1056 2345 1185 2382 opem.

237 2397 408 2436 Subdita
436 2398 606 2436 decurrit
636 2397 804 2448 pedibus
833 2410 950 2447 super
979 2410 1126 2447 equora
1156 2397 1268 2435 siccis

238 2464 388 2510 Petrus,
421 2463 498 2500 iam
529 2470 703 2501 nostram
734 2463 872 2512 mergit
902 2470 940 2501 et
968 2463 1074 2500 vnda
1103 2462 1234 2500 fidem.

237 2528 316 2576 Qui
347 2540 420 2565 nos
449 2528 706 2578 prosequitur,
739 2528 857 2567 Cristi
888 2528 944 2565 de
973 2527 1058 2576 lege
1088 2525 1269 2564 iubemur

238 2593 357 2631 Illum
387 2605 457 2642 per
486 2599 638 2631 nostras
667 2593 881 2632 rectificare
910 2604 1070 2642 preces;

238 2659 323 2696 Nos
351 2664 485 2696 tamen
514 2656 664 2707 absque
693 2659 770 2696 deo
799 2658 850 2695 de
879 2658 961 2695 iure
991 2668 1100 2694 nouo
1128 2655 1301 2705 positiuo

236 2723 466 2760 Vindictam
495 2722 614 2771 gladii
643 2722 740 2760 ferre
770 2734 980 2760 monemus
1010 2720 1076 2759 ibi.

238 2788 303 2826 Sic
331 2787 405 2825 hos
434 2787 674 2825 destruimus
703 2799 807 2837 quos
837 2787 1020 2825 edificare
1049 2792 1242 2832 tenemur,

331 2878 397 2908 300
420 2867 633 2908 gerarchiam
651 2867 744 2899 SHT
792 2867 997 2899 Ierarchiam
1014 2866 1072 2898 CL
1116 2865 1315 2898 ierarchiam
1333 2865 1394 2897 ED

831 2934 843 2960 I
864 2935 889 2960 2

1526 219 1600 253 113

1538 524 1599 554 290

1535 1825 1599 1857 310

1534 2476 1596 2505 320
