2095 3173
687 205 875 247 LIBER
915 204 1216 255 QUARTUS
1612 218 1688 256 173

386 313 478 359 Cur,
510 325 644 362 queso,
676 311 808 363 cupiat
837 311 1050 362 quicquam
1079 310 1146 361 qui
1175 317 1318 349 cuncta
1346 309 1530 360 reliquit?

332 378 398 415 Ad
428 379 531 415 mala
559 391 627 416 cur
655 379 789 416 redeat
819 377 886 427 qui
916 377 1022 415 bona
1049 377 1152 414 facta
1180 376 1327 413 vouet?

331 443 495 480 Terram
524 450 783 493 contempnas
813 442 881 492 qui
909 444 1038 481 celum
1068 440 1197 491 queris
1226 440 1395 488 habere3

332 506 373 545 Si
403 520 586 546 mansura
614 516 734 558 petas,
766 509 840 546 hec
867 506 1031 557 fugitiua
1059 508 1160 556 fuge.
1629 518 1691 550 250

332 572 543 622 Numquid
570 573 719 611 habent
748 571 934 610 monachi
962 571 1163 622 proprium
1193 572 1243 610 de
1272 570 1354 609 iure
1382 569 1529 609 creati?

332 636 480 675 Nescio
509 638 560 675 de
588 636 681 685 iure,
713 644 754 675 tu
783 644 917 675 tamen
945 644 1034 675 acta
1061 636 1161 675 vide.

333 701 374 740 Si
401 701 530 740 feretri
559 709 703 750 custos,
734 702 877 753 poterit
905 703 1002 741 dum
1031 715 1189 752 carpere
1216 714 1414 748 nummos,

335 767 444 817 Quid
473 767 675 818 proprium
705 767 842 818 querit,
875 767 939 806 hic
969 767 1089 806 michi
1119 766 1227 805 testis
1257 766 1328 805 erit
1343 781 1353 815 ,-

333 834 411 871 Seu
441 834 551 883 quod
579 833 620 871 in
650 833 788 873 officiis
819 834 1038 871 monachus
1068 833 1310 882 quandoque
1339 831 1519 882 regendis

333 898 496 949 Propria
525 906 743 946 conseruat,
775 898 900 937 exitus
929 905 1016 936 acta
1044 897 1195 948 probat.

335 965 442 1002 Nam
471 977 563 1003 cum
592 964 793 1015 congeries
823 964 897 1002 sibi
926 963 985 1011 sit,
1016 971 1111 1001 tunc
1140 962 1233 1000 inde
1262 969 1427 1012 nepotes

337 1029 459 1077 Ditat‚
491 1037 530 1069 et
558 1043 608 1068 en
638 1031 806 1068 claustra
834 1029 889 1067 sic
919 1036 1028 1079 parat
1056 1028 1140 1078 ipse
1169 1041 1275 1065 noua
1288 1042 1299 1075 3

336 1096 519 1145 Sepeque
548 1108 648 1145 quos
677 1102 791 1133 natos
820 1093 942 1144 gignit
970 1100 1086 1131 vocat
1114 1092 1198 1142 ipse
1227 1099 1404 1142 nepotes,

335 1161 402 1199 Ad
430 1161 590 1199 laudem
618 1159 794 1206 Veneris,
827 1172 947 1209 quarn
976 1157 1069 1197 colit
1097 1157 1181 1207 ipse
1210 1156 1322 1207 pius:
1633 1163 1696 1195 260

337 1225 434 1264 Eius
463 1225 570 1264 enim
599 1225 681 1264 nati
709 1233 800 1263 sunt
829 1225 922 1263 ficto
951 1223 1113 1262 nomine
1141 1222 1252 1270 versi,

336 1293 540 1342 Versaque
570 1291 624 1330 sic
653 1290 778 1342 pietas
807 1304 902 1329 ceca
930 1289 1082 1328 iuuabit
1111 1302 1190 1327 eos.

390 1356 454 1395 Sic
483 1356 586 1406 viget
615 1355 655 1394 in
684 1355 861 1394 claustris
891 1354 1107 1394 elemosina
1136 1355 1227 1392 ficta
1255 1352 1430 1400 sinistris,

337 1423 447 1460 Dum
477 1422 696 1460 monachus
724 1420 865 1471 genitis
894 1421 962 1459 dat
991 1433 1062 1458 sua
1090 1420 1197 1458 dona
1225 1418 1328 1457 suis:

336 1487 400 1526 Sic
429 1488 541 1525 floret
570 1485 693 1536 pietas
724 1487 876 1524 mundo
905 1492 1054 1523 secreta
1083 1483 1252 1532 monilis,

336 1552 449 1591 Talia
478 1554 655 1602 dumque
684 1551 768 1590 dari
798 1550 908 1601 fingit
937 1564 1071 1589 amore
1101 1549 1176 1589 dei.

338 1619 442 1658 Cum
472 1619 619 1655 furtum
647 1616 798 1655 licitum
827 1616 952 1664 fuerit,
984 1624 1078 1654 tunc
1107 1615 1238 1654 dicere
1266 1627 1429 1666 possum

339 1683 462 1732 Quod
491 1682 582 1721 licet
612 1695 658 1720 ex
687 1683 796 1720 dono
825 1681 916 1720 talia
945 1683 1042 1720 ferre
1072 1682 1149 1720 deo
1164 1695 1174 1729 3

23 1763 30 1785 s
340 1749 407 1787 Set
437 1747 505 1797 qui
535 1747 590 1786 sic
618 1746 797 1797 proprios
827 1746 1056 1785 communia
1084 1745 1198 1784 vertit
1227 1744 1267 1783 in
1296 1758 1399 1792 vsus,

23 1802 31 1866 ξ
340 1814 401 1850 Ex
429 1812 570 1851 merito
600 1811 696 1850 doni
725 1813 797 1850 fert
827 1811 1038 1850 maledicta
1066 1810 1155 1849 dei:
1638 1822 1700 1856 270

24 1865 31 1901 l
339 1877 505 1916 Talibus
534 1877 575 1914 in
604 1876 720 1916 donis
749 1884 961 1914 curuantur
990 1877 1158 1914 claustra
1186 1874 1318 1922 ruinis,

341 1945 498 1982 Horrea
526 1956 617 1981 cum
646 1941 774 1993 granis
803 1940 1103 1991 compaciuntur
1132 1939 1198 1978 eis.

342 2009 516 2049 Centum
545 2009 768 2046 claustrales
798 2013 1054 2052 macerantur,
1085 2012 1126 2043 vt
1153 2004 1209 2042 hii
1237 2005 1319 2043 duo
1348 2005 1409 2042 vel
1438 2011 1525 2050 tres,

343 2073 494 2114 Officiis
523 2075 620 2112 dum
649 2080 764 2119 stant,
796 2071 956 2122 pinguia
984 2071 1092 2109 labra
1119 2077 1266 2121 gerant.

345 2138 514 2178 ‘Omnia
542 2145 633 2176 sunt
662 2139 818 2185 nostra,’
847 2136 995 2184 dicunt,
1026 2137 1117 2174 lanx
1145 2149 1227 2174 non
1256 2143 1389 2174 tamen
1418 2148 1519 2185 equa

343 2205 506 2251 Pendet,
538 2205 634 2242 dum
664 2204 770 2242 solus
798 2203 886 2253 plus
915 2201 1019 2252 capit
1048 2201 1131 2251 ipse
1160 2200 1294 2239 tribus.

282 2362 361 2397 Hic
405 2362 591 2406 loquitur
636 2360 815 2405 qualiter
859 2359 1056 2394 monachi
1100 2360 1222 2394 extra
1269 2358 1498 2393 claustrum
1539 2366 1702 2401 vagare

235 2431 320 2456 non
346 2420 507 2455 debent.

128 2503 256 2552 Capru.
280 2515 313 2539 v.
400 2502 472 2539 Est
500 2513 606 2538 mare
633 2499 801 2538 viuentis
830 2498 1029 2537 habitacio
1058 2510 1230 2547 congrua
1259 2495 1387 2546 piscis,

346 2567 397 2604 Et
426 2567 638 2603 claustrum
667 2563 854 2603 monachi
883 2571 958 2602 stat
987 2565 1130 2602 domus
1159 2569 1251 2611 apta
1280 2560 1378 2600 sibi:

344 2634 399 2669 Vt
429 2644 535 2669 mare
564 2632 772 2670 defunctos
800 2629 966 2668 retinere
995 2635 1111 2678 negat
1141 2627 1215 2665 sibi
1243 2626 1382 2677 pisces,

345 2696 410 2735 Sic
439 2697 652 2734 claustrum
681 2697 900 2734 monachos
929 2693 1079 2732 euomit
1108 2693 1201 2730 inde
1231 2692 1367 2730 malos.
1638 2697 1701 2728 280

348 2763 443 2800 Non
472 2759 564 2799 foris
593 2774 617 2798 a
644 2759 820 2798 claustris
849 2760 1080 2805 monachus,
1111 2770 1184 2795 nec
1213 2770 1317 2807 aqua
1344 2757 1426 2796 fore
1455 2755 1572 2806 piscis

684 2873 747 2903 273
771 2869 806 2895 vt
824 2863 892 2906 (ut)
911 2861 1135 2895 CEHGDLT
1179 2865 1214 2892 et
1231 2860 1255 2892 S
