2095 3173
465 181 548 220 208
939 180 1068 222 VOX
1110 179 1470 221 CLAMANTIS

576 287 686 325 Sicut
715 286 838 326 habes
868 288 995 325 varios
1027 287 1113 325 sine
1142 287 1292 324 lumine
1323 287 1422 324 scire
1451 287 1615 333 colores,

575 353 640 391 Sic
669 365 781 390 amor
809 359 849 390 vt
878 364 996 389 cecus
1027 352 1094 390 dat
1124 364 1194 388 sua
1225 352 1307 388 iura
1336 351 1437 389 viris.

577 419 697 455 Nunc
726 425 861 455 tamen
891 417 1021 455 omnis
1052 417 1087 454 ei
1117 417 1230 455 miles
1261 417 1373 467 quasi
1405 417 1537 464 seruit,
1569 424 1607 456 et
1637 417 1721 455 eius

575 484 642 521 Ad
671 490 804 532 portas
833 489 980 521 sortem
1011 489 1162 532 spectat
1191 482 1339 522 habere
1369 495 1494 521 suam.
1881 499 1942 530 250

514 651 593 686 Hic
617 652 800 695 loquitur
826 652 876 687 de
898 652 1098 687 militibus
1116 652 1212 694 illis,
1231 662 1404 696 quorum
1428 661 1541 687 vnus
1566 653 1737 695 propter
1760 651 1945 685 mulieris

469 720 667 752 amorem,
686 711 796 746 alter
818 713 991 754 propter
1008 711 1179 746 inanem
1196 711 1338 745 mundi
1355 711 1526 751 famam,
1546 719 1755 744 armorum
1775 710 1946 744 labores

469 771 656 809 exercet3
694 769 791 804 finis
825 772 969 804 tamen
998 770 1220 814 Vtriusque
1254 771 1414 814 absque
1447 769 1588 803 diuine
1621 769 1759 803 laudis
1791 768 1940 804 merito

468 837 629 862 vacuus
647 829 887 872 pertransit.

362 908 490 958 Capm.
514 923 548 948 v.
640 910 792 949 Milicie
821 923 910 960 pars
940 923 1015 948 vna
1045 911 1142 960 petit
1171 910 1346 948 mulieris
1375 922 1565 957 amorem,

575 976 710 1014 Altera
739 977 849 1026 quod
878 977 1019 1015 mundi
1048 977 1133 1015 laus
1163 984 1277 1015 sonet
1306 977 1384 1014 alta
1414 974 1500 1014 sibi.

575 1042 695 1080 Miles
724 1042 873 1092 vbique
901 1055 1054 1080 nouum
1084 1043 1205 1092 spirat
1236 1049 1485 1092 temptatque
1514 1042 1693 1080 fauorem

577 1108 748 1146 Munere
776 1108 927 1155 lucrari,
959 1108 1064 1146 fama
1093 1108 1203 1158 quod
1232 1115 1333 1146 astet
1363 1108 1424 1146 ei:

576 1173 658 1212 Scit
688 1180 822 1211 tamen
852 1173 946 1212 inde
975 1174 1084 1220 deus,
1118 1186 1198 1223 quo
1228 1173 1311 1211 iure
1341 1173 1450 1222 cupit
1478 1173 1670 1219 venerari,

577 1239 618 1278 Si
648 1239 759 1277 dabit
788 1240 866 1277 hoc
895 1239 1070 1277 mundus
1101 1251 1169 1277 seu
1199 1239 1373 1277 mulieris
1403 1251 1525 1276 amor.

578 1305 618 1342 Si
647 1305 808 1343 laudern
838 1305 979 1343 mundi
999 1305 1144 1355 cupiat,
1176 1311 1271 1342 tunc
1300 1304 1415 1353 copia
1446 1304 1558 1343 Cresi

578 1370 740 1416 Defluit,
771 1377 812 1408 vt
841 1370 957 1409 donis
987 1371 1071 1408 laus
1101 1377 1216 1409 sonet
1245 1371 1323 1408 alta
1353 1370 1460 1408 suis:

577 1436 694 1473 Tunc
723 1448 874 1482 aurum,
905 1443 1044 1482 vestes,
1076 1448 1253 1485 gemmas
1283 1442 1322 1473 et
1351 1447 1475 1484 equos
1506 1434 1617 1483 quasi
1646 1446 1767 1483 grana

579 1501 767 1548 Seminat‚
798 1508 838 1539 vt
868 1501 995 1539 laudis
1025 1508 1174 1539 crescat
1204 1501 1243 1538 in
1273 1513 1367 1538 aure
1396 1512 1518 1549 seges.
1884 1505 1947 1537 260

578 1569 645 1606 Set
675 1568 750 1607 sibi
779 1569 996 1607 femineum
1026 1569 1057 1606 si
1088 1568 1200 1606 miles
1229 1568 1393 1617 adoptet
1422 1579 1611 1613 amorem,

578 1634 718 1673 Carius
748 1635 856 1672 hunc
885 1635 1018 1683 precio
1048 1642 1143 1672 tunc
1172 1634 1253 1672 luet
1283 1634 1366 1683 ipse
1396 1645 1492 1671 suo:

578 1701 701 1749 Quod
730 1700 804 1739 sibi
834 1708 982 1748 natura,
1016 1701 1089 1739 sibi
1119 1701 1181 1739 vel
1210 1701 1308 1738 deus
1337 1700 1467 1737 attulit
1496 1712 1627 1746 omne,

580 1767 748 1816 Corpus,
778 1779 850 1814 res,
882 1767 1067 1814 animam,
1099 1774 1158 1805 tot
1187 1766 1298 1804 dabit
1328 1765 1422 1803 inde
1452 1764 1572 1802 bona.

581 1832 685 1871 Cum
715 1839 848 1871 tamen
878 1833 962 1882 ipse
991 1833 1050 1870 sui
1080 1832 1286 1882 perfecerit
1315 1838 1403 1869 acta
1431 1830 1589 1877 laboris,

581 1898 686 1935 Laus
716 1904 755 1935 et
782 1905 946 1947 Vtraque
976 1898 1092 1935 simul
1122 1898 1272 1947 perfida
1301 1897 1408 1934 fallat
1438 1908 1545 1943 eum,

582 1963 686 2002 Cum
716 1976 790 2001 nec
819 1964 923 2001 sarna
953 1964 1097 2013 loquax
1125 1963 1266 2001 mundi
1296 1962 1476 2012 peruenit
1504 1961 1556 1999 ad
1585 1973 1711 2008 aures,

582 2027 670 2065 Nec
699 2026 773 2064 sibi
803 2034 933 2064 castus
963 2039 1074 2064 amor
1102 2027 1232 2065 reddit
1261 2026 1406 2063 amoris
1436 2037 1569 2074 opem,

582 2090 698 2126 Tunc
727 2089 918 2138 deceptus
948 2090 1012 2135 ait,
1047 2089 1176 2135 ‘Heu‚
1208 2101 1328 2138 quam
1358 2087 1515 2126 fortuna
1544 2087 1740 2125 sinistrat!

585 2154 689 2193 Cum
718 2153 830 2191 labor
858 2166 880 2191 a
909 2154 1029 2203 longo
1058 2161 1235 2202 tempore
1265 2165 1398 2191 cassus
1428 2152 1536 2190 abit)
1888 2164 1954 2200 270

584 2219 754 2257 Tardius
784 2219 867 2268 ipse
896 2219 1014 2266 venit,
1046 2219 1114 2268 qui
1143 2219 1199 2256 sic
1228 2218 1303 2256 sibi
1333 2218 1483 2267 plangit
1511 2217 1656 2266 inepte,

586 2285 691 2324 Cum
721 2284 794 2322 sibi
825 2297 907 2322 non
935 2285 1034 2322 alius
1064 2297 1183 2322 causa
1213 2284 1261 2321 sit
1291 2284 1374 2333 ipse
1404 2283 1498 2321 doli.

641 2351 731 2388 Fert
760 2350 934 2388 mundus
963 2350 1106 2400 grauia,
1139 2350 1211 2387 fert
1241 2349 1388 2387 femina
1417 2355 1476 2386 set
1503 2348 1708 2398 grauiora;

591 2416 673 2454 Hie
702 2423 849 2461 mouet,
881 2416 946 2453 illa
975 2416 1061 2462 ruit,
1093 2415 1157 2452 hic
1187 2415 1284 2461 ferit,
1317 2414 1381 2451 illa
1410 2421 1544 2451 necat.

587 2482 692 2521 Cum
722 2482 861 2519 vicisse
890 2488 1001 2531 putet
1031 2481 1143 2518 miles
1173 2479 1247 2518 sibi
1277 2480 1355 2517 vim
1386 2479 1570 2526 mulieris,

589 2548 681 2585 Hec
711 2554 749 2585 et
778 2559 913 2585 amore
942 2547 1009 2596 pio
1038 2552 1181 2584 cuncta
1210 2545 1332 2594 petita
1361 2543 1477 2592 fauet,

587 2612 771 2650 Vincitur
800 2612 884 2661 ipse
913 2612 1036 2661 magis
1065 2618 1161 2649 tunc
1190 2610 1352 2660 quando
1382 2611 1505 2660 magis
1535 2622 1741 2660 superesse

591 2677 643 2715 Se
671 2683 794 2725 putat,
827 2684 865 2715 et
895 2677 1035 2714 mulier
1065 2676 1166 2713 victa
1195 2675 1358 2713 revincit
1383 2687 1487 2713 eum.

590 2743 672 2780 Aut
701 2742 827 2780 eciam
857 2742 997 2781 mundi
1027 2742 1173 2779 famam
1202 2741 1233 2778 si
1264 2741 1376 2778 miles
1406 2741 1581 2790 adoptet,

1077 2848 1142 2879 262
1166 2846 1288 2878 Carnis
1305 2846 1363 2877 ΕΙ,
