2095 3173
973 211 1103 253 VOX
1143 211 1505 253 CLAMANTIS

616 317 689 355 Illa
719 329 792 356 nec
823 318 894 356 hos
925 316 1051 356 rabies
1081 319 1138 356 sic
1166 319 1302 356 terruit
1331 318 1629 365 Accharonstas,

616 384 709 422 Hoc
740 396 870 432 neque
900 384 1074 421 vindicta
1103 390 1282 433 tempore
1311 385 1398 422 talis
1427 392 1521 431 erat,

617 449 726 497 Quin
756 449 861 486 furor
891 460 937 486 ex
967 448 1050 487 istis
1081 461 1159 498 que
1187 450 1266 487 vidi
1296 449 1422 488 lurida
1451 450 1650 496 monstris,

617 515 710 552 Plus
740 521 874 563 grauat
902 520 940 552 et
970 515 1079 553 ciues
1108 521 1225 554 terret
1255 514 1402 566 vbique
1431 516 1567 565 magis.

551 657 629 693 Hic
657 658 759 693 dicit
792 668 838 693 se
871 668 946 702 per
980 659 1215 703 sompnium
1245 661 1411 695 sextam
1438 660 1556 703 vulgi
1585 661 1767 694 turmam
1803 659 1845 693 in
1880 669 1980 693 aues

502 716 757 751 domesticas
790 717 951 753 vidisse
984 720 1205 761 mutatam,
1239 719 1388 762 quibus
1422 718 1523 754 dicit
1556 719 1663 762 quod
1698 719 1898 760 bubones,
1941 718 1982 751 id

503 777 569 810 est
587 775 804 819 predones,
824 777 1038 812 commixti
1056 777 1389 812 associebantur.

367 858 497 907 Capm.
520 857 584 896 vii.

673 859 754 896 Res
785 858 905 895 michi
936 858 1033 896 mira
1061 858 1144 906 fuit,
1177 858 1273 897 dum
1303 858 1395 896 talia
1423 857 1728 908 prospiciebam,

616 924 668 962 Et
697 930 835 973 stupor
864 924 904 961 in
935 930 1068 963 mente
1098 924 1229 962 cordis
1258 924 1310 962 ad
1339 936 1430 973 yma
1459 923 1545 962 ruit.

613 989 706 1027 Non
738 996 818 1028 erat
848 1002 895 1028 ex
925 989 1049 1028 brutis
1078 990 1225 1027 animal
1255 989 1527 1039 quodcunque
1557 995 1743 1034 creatum,

613 1055 736 1103 Quod
765 1055 816 1093 de
846 1055 977 1093 seruili
1007 1055 1247 1094 condicione
1277 1055 1358 1103 fuit,

614 1120 722 1168 Quin
752 1132 876 1170 genus
906 1121 946 1158 in
976 1121 1126 1170 campis
1155 1121 1236 1159 vidi
1267 1121 1317 1159 de
1347 1120 1491 1158 talibus
1521 1130 1653 1166 omne,

614 1186 821 1235 Mixtaque
850 1186 907 1224 sic
935 1187 1078 1236 pariter
1107 1193 1199 1224 sunt
1228 1187 1444 1224 metuenda
1473 1185 1611 1235 magis.

613 1253 687 1290 Per
716 1253 816 1302 iuga,
848 1264 918 1302 per
946 1253 1078 1300 colles,
1110 1265 1179 1302 per
1208 1252 1326 1291 deuia
1355 1264 1514 1302 queque
1543 1251 1722 1289 locorum

613 1317 792 1366 Diruptis
822 1317 987 1356 stabulis
1017 1318 1183 1356 soluitur
1211 1330 1332 1356 omne
1361 1329 1508 1367 pecus:

613 1383 672 1420 Ex
703 1382 812 1420 omni
842 1394 985 1432 genere
1014 1383 1121 1421 venit
1151 1383 1281 1421 incola
1310 1381 1547 1429 rusticitatis,

613 1448 744 1486 Maior
773 1454 811 1487 et
836 1455 894 1487 est
924 1448 1056 1487 subito
1085 1461 1206 1498 quam
1237 1460 1348 1498 seges
1378 1455 1462 1486 orta
1491 1448 1590 1485 solo.

613 1512 732 1551 Nunc
762 1513 839 1550 huc
868 1526 976 1551 nunc
1005 1514 1097 1551 illuc
1126 1513 1302 1563 trepidus
1332 1513 1429 1551 dum
1459 1513 1609 1550 lumina
1639 1511 1755 1558 volui,

613 1578 858 1628 Aspiciendo
888 1579 968 1617 suis
998 1579 1152 1628 singula
1181 1586 1359 1616 monstra
1389 1578 1498 1625 locis,

611 1644 736 1682 Affuit
766 1656 816 1682 en
844 1644 979 1682 auium
1009 1651 1158 1682 mutata
1187 1644 1407 1682 domestica
1435 1642 1561 1689 turba,

613 1711 796 1758 Quorum
825 1709 1010 1748 ductores
1039 1710 1164 1759 gallus
1195 1717 1233 1748 et
1261 1721 1380 1747 ancer
1409 1715 1530 1748 erant.

614 1775 694 1823 Qui
725 1775 896 1813 residere
925 1775 1035 1813 domi
1066 1788 1144 1825 que
1174 1775 1313 1812 fimum
1343 1775 1494 1812 calcare
1523 1773 1718 1821 solebant,

613 1843 851 1879 Presumunt
880 1841 1012 1890 aquile
1042 1853 1198 1879 sumere
1226 1842 1309 1878 iura
1339 1840 1438 1878 sibi:

612 1906 796 1945 Falconis
826 1913 995 1944 rostrum
1025 1906 1153 1956 rapuit
1183 1905 1257 1944 sibi
1287 1907 1411 1956 gallus
1442 1912 1480 1944 et
1509 1917 1668 1955 vngues,

613 1973 746 2010 Ancer
775 1979 813 2010 et
843 1983 891 2009 ex
918 1971 989 2009 alis
1020 1971 1149 2010 sidera
1179 1979 1282 2009 tacta
1312 1972 1445 2020 cupit:

613 2037 665 2075 Et
695 2037 751 2074 sic
780 2036 831 2075 de
861 2036 985 2075 bassis
1014 2037 1281 2075 succumbunt
1309 2037 1398 2084 alta,
1430 2049 1509 2086 que
1537 2048 1626 2074 cara

613 2101 770 2141 Vilibus
800 2114 847 2140 ex
876 2102 1004 2140 causis
1034 2103 1148 2141 exule
1177 2103 1263 2152 lege
1292 2102 1464 2140 cadunt:

614 2168 719 2206 Nam
749 2179 830 2216 quo
859 2180 940 2205 non
971 2174 1153 2217 poterant
1180 2167 1366 2205 animalia
1396 2168 1514 2217 figere
1543 2179 1709 2216 gressus,

611 2234 667 2271 Vt
697 2232 838 2282 predas
867 2232 1037 2281 capiant,
1070 2232 1136 2269 hii
1166 2244 1310 2281 super
1339 2243 1460 2271 omne
1487 2232 1634 2270 volant.

667 2299 846 2336 Mutatos
872 2296 1004 2335 subito
1034 2298 1114 2336 vidi
1143 2298 1290 2336 variare
1319 2298 1471 2336 colores

613 2364 779 2402 Anceris
808 2371 846 2402 et
874 2363 976 2413 galli,
1008 2375 1108 2412 quos
1138 2375 1245 2401 noua
1273 2364 1399 2401 forma
1427 2362 1552 2412 rapit:

613 2429 886 2468 Transformat
914 2428 1045 2466 corui
1075 2440 1180 2466 noua
1209 2441 1341 2478 penna
1370 2428 1575 2478 nigredine
1603 2427 1761 2478 gallum,

612 2496 745 2534 Ancer
774 2501 812 2533 et
841 2494 882 2532 in
913 2494 1085 2532 Miluum
1115 2494 1275 2532 vertitur
1304 2506 1398 2532 ecce
1427 2494 1571 2531 statim.

614 2560 708 2598 Non
739 2566 893 2607 tantum
923 2571 1074 2609 pennas
1105 2558 1180 2597 sibi
1209 2566 1372 2596 sumunt
1402 2558 1458 2596 sic
1487 2559 1646 2606 alienas,

613 2626 745 2663 Immo
775 2625 918 2663 modos
947 2625 1096 2663 similes
1125 2624 1364 2663 condicione
1393 2635 1529 2673 pares:

614 2691 728 2739 Quos
758 2697 895 2729 natura
925 2690 1030 2740 prius
1059 2689 1246 2739 pascebat
1275 2689 1327 2727 ad
1356 2689 1494 2727 horrea
1521 2689 1652 2739 granis

548 2789 613 2819 502
640 2779 711 2812 MS.
730 2779 826 2811 Harl.
842 2781 925 2821 6291
945 2780 1013 2821 (H)
1031 2780 1142 2821 begins
1162 2779 1233 2811 here

549 2832 631 2872 Cap.
650 2831 706 2864 vii.
720 2831 880 2873 Heading
924 2843 944 2863 2
962 2833 1050 2863 idest
1068 2831 1170 2863 HGD

506 2884 599 2915 CED
645 2884 857 2915 associantur
873 2884 902 2915 T

1918 1199 1982 1229 510

1912 2509 1978 2542 530

1269 2841 1289 2871 3
1306 2831 1563 2862 associebantur
1576 2831 1672 2863 SGH
1718 2830 1976 2863 associabantur

2075 621 2081 887 ι
