2095 3173
679 210 867 250 LIBER
908 209 1207 260 QUARTUS

313 318 462 357 Nescio
492 318 601 355 finali
631 330 709 367 qua
738 317 896 355 racione
925 317 1035 355 foret.

313 385 445 432 Quam
477 384 582 433 prius
611 384 709 421 ordo
739 383 810 421 fuit
842 383 1013 429 fratrum,
1045 393 1320 432 quoscumque
1349 393 1511 420 necesse

312 449 506 498 Congruit
536 448 701 487 ecclesie
731 448 850 487 fertur
879 448 1008 486 inesse
1037 447 1191 497 gradus.

313 515 420 563 Papa
450 514 520 552 fuit
549 514 743 563 princeps,
775 514 872 551 alios
902 514 969 562 qui
999 512 1275 560 substituebat,

311 580 365 617 Vt
395 578 552 628 plebem
584 585 763 628 regerent
792 579 944 628 singula
974 579 1056 616 iura
1086 578 1224 616 dedit:

313 645 382 682 Ius
412 643 486 681 sibi
516 644 647 693 presul
677 643 808 690 habet,
841 643 915 681 sub
945 655 993 681 eo
1022 651 1191 695 curatus,
1224 649 1262 682 et
1292 643 1356 681 ille

310 709 539 747 Admittens
569 721 680 746 curas
710 709 887 758 pondera
916 707 1042 757 plebis
1072 709 1173 757 agit:

313 773 594 823 Proprietarius
623 780 682 812 est
711 775 841 823 presul
871 774 938 823 qui
968 774 1249 823 proprietatem

311 839 460 879 Curato
488 839 635 887 tribuit,
667 852 745 889 qua
775 852 843 877 sua
874 840 956 876 iura
985 846 1118 889 regat:

312 905 483 943 Presulis
504 905 598 943 inde
627 905 717 943 loco
747 912 903 942 curatus
935 905 1048 952 iurat,
1079 910 1118 942 vt
1149 904 1233 953 ipse

310 971 512 1020 Tempore
541 970 674 1008 iudicii
706 983 783 1020 que
813 970 899 1008 tulit
929 976 1016 1007 acta
1046 969 1167 1008 dabit.

311 1036 383 1074 Est
412 1036 528 1085 igitur
557 1036 662 1073 racio
691 1048 769 1085 que
797 1036 857 1073 vel
887 1035 959 1073 tibi
988 1047 1107 1072 causa
1135 1034 1301 1081 videtur,

310 1101 483 1140 Alterius
512 1101 714 1150 proprium
744 1101 853 1151 quod
883 1100 957 1139 sibi
988 1101 1104 1138 frater
1134 1099 1285 1138 babet?

312 1168 421 1205 Inter
449 1179 543 1205 aues
571 1166 680 1204 albas
709 1167 851 1204 vetitur
879 1166 1094 1204 consistere
1123 1178 1302 1213 coruum,

311 1233 444 1281 Quem
474 1239 584 1270 notat
613 1232 807 1281 ingratum
838 1231 1046 1281 quodlibet
1076 1243 1161 1269 esse
1191 1243 1336 1280 pecus;

312 1299 423 1336 Inter
451 1304 490 1335 et
519 1298 684 1335 ecclesie
714 1298 821 1336 ciues
850 1297 1065 1335 consistere
1095 1297 1264 1342 fratrem,

312 1363 393 1412 Qui
423 1370 539 1413 negat
568 1364 652 1401 eius
681 1376 793 1409 onus,
825 1363 960 1400 omnia
989 1363 1071 1400 iura
1100 1368 1244 1409 vetant.

366 1429 537 1468 Caucius
566 1429 606 1466 in
636 1428 752 1467 rebus
782 1427 913 1466 dubiis
943 1434 1002 1465 est
1031 1439 1186 1476 semper
1214 1426 1424 1476 agendum,

312 1494 442 1533 Causa
471 1506 545 1532 nec
574 1501 633 1532 est
662 1494 803 1532 mundi
835 1494 922 1531 talis
953 1500 991 1531 vt
1021 1493 1105 1542 ipsa
1134 1492 1227 1530 dei:

309 1560 350 1598 Si
380 1566 513 1598 tamen
542 1566 700 1609 vsurpet
729 1559 868 1597 mundi
898 1559 985 1608 quis
1015 1559 1109 1605 iura,
1141 1558 1338 1596 refrenant

311 1625 427 1674 Legis
456 1637 546 1663 eum
576 1625 676 1663 vires
705 1637 779 1663 nec
808 1625 955 1663 variare
984 1624 1131 1661 sinunt.

311 1689 402 1737 Que
431 1701 519 1727 mea
549 1696 640 1727 sunt
668 1690 824 1739 propria
852 1689 1005 1727 mundo
1034 1689 1066 1726 si
1095 1688 1248 1726 tolleret
1277 1688 1384 1734 alter,

309 1755 458 1792 Taliter
486 1755 674 1792 iniustum
704 1755 766 1792 lex
795 1754 991 1803 reputabit
1020 1766 1136 1792 eum:

312 1821 360 1857 In
389 1820 650 1868 preiudicium
679 1820 798 1868 partis
827 1820 888 1857 lex
917 1832 999 1857 non
1029 1819 1121 1857 sinit
1150 1830 1263 1867 equa,

311 1885 441 1922 Possit
469 1890 510 1922 vt
538 1885 695 1922 alterius
724 1885 820 1922 alter
848 1884 994 1922 habere
1023 1884 1181 1922 locum:

312 1950 402 1998 Que
433 1949 538 1987 bona
566 1962 754 1999 corporea
783 1956 874 1987 sunt
902 1949 1072 1995 alterius,
1105 1948 1242 1998 nequit
1271 1948 1367 1986 alter

310 2015 480 2061 Tollere,
511 2015 551 2052 ni
581 2015 711 2064 legum
741 2015 903 2052 condita
932 2015 1013 2052 iura
1043 2020 1181 2063 neget:

309 2080 377 2118 Set
406 2092 484 2129 que
513 2086 603 2117 sunt
632 2080 764 2118 anime
793 2080 909 2118 frater
937 2079 1092 2128 rapiens
1121 2079 1262 2126 aliena,

311 2145 458 2183 Nescio
488 2157 566 2194 qua
595 2145 680 2195 lege
710 2145 935 2183 iustificabit
965 2158 1077 2194 opus.

310 2210 351 2248 Si
380 2210 507 2258 dicat,
542 2211 672 2260 ‘Papa
701 2208 930 2260 dispensat,'
961 2218 1055 2248 tunc
1084 2210 1299 2257 videamus,

313 2277 384 2314 Est
414 2274 487 2313 sibi
516 2283 753 2325 suggestum,
787 2283 928 2325 sponte
956 2277 1018 2314 vel
1048 2276 1145 2314 illud
1173 2275 1266 2325 agit.

312 2343 419 2391 Papa
447 2354 556 2380 mero
585 2349 695 2380 motu
726 2342 872 2380 scimus
901 2342 1010 2392 quod
1040 2342 1131 2379 talia
1161 2353 1380 2390 numquam

312 2407 530 2454 Concessit‚
563 2414 620 2446 set
649 2420 696 2445 ea
725 2408 918 2457 supplicat
949 2407 1047 2445 ordo
1077 2408 1289 2456 frequens:

312 2473 420 2521 Papa
449 2479 577 2521 potest
606 2473 696 2519 falli,
728 2480 786 2510 set
816 2473 883 2522 qui
912 2472 1020 2511 videt
1049 2472 1243 2518 interiora,

312 2538 385 2575 Est
414 2537 490 2576 boc
519 2550 590 2586 pro
618 2538 714 2575 lucri
743 2538 816 2576 scit
844 2538 906 2576 vel
934 2550 1068 2575 amore
1097 2537 1172 2575 dei.

313 2603 466 2652 Lingua
495 2603 591 2651 petit
620 2615 732 2641 curas
761 2603 904 2651 anime,
936 2615 1049 2641 mens
1078 2602 1251 2651 postulat
1278 2613 1429 2648 aurum,

313 2667 414 2705 Bina
443 2667 578 2716 sicque
607 2680 726 2705 manu
757 2669 912 2717 propria
941 2676 1073 2705 nostra
1102 2667 1224 2716 rapit:

313 2732 562 2770 Defraudans
591 2733 753 2780 animas,
785 2734 872 2771 talis
901 2733 999 2782 rapit
1029 2732 1121 2770 inde
1150 2732 1328 2779 salutem,

313 2798 365 2835 Et
395 2809 511 2846 super
541 2798 616 2835 hoc
645 2806 796 2836 nostras
826 2799 962 2836 tollere
991 2804 1157 2846 temptat
1187 2809 1294 2846 opes.

313 2863 407 2901 Non
437 2863 490 2900 ita
519 2863 750 2902 Franciscus
779 2864 908 2913 peciit,
940 2870 998 2902 set
1027 2863 1179 2912 singula
1207 2863 1390 2912 linquens

1596 224 1669 261 191

1608 323 1673 365 890

1607 984 1674 1018 900

1610 1638 1674 1671 910

1605 2290 1671 2324 920
