2095 3173
698 223 886 264 LIBER
928 224 1169 265 PRIMUS

306 330 536 367 Muscarum
565 329 728 368 veniens
758 330 939 379 princeps
969 330 1183 368 excercitus
1213 330 1328 368 huius

306 393 507 433 Belzebub
537 395 714 442 accessit,
746 396 900 444 heeque
930 402 1120 445 sequntur
1149 407 1264 434 eum:

307 460 366 496 Ex
396 461 501 498 vario
531 472 674 510 genere
703 472 928 498 muscarum
958 467 1054 498 tunc
1082 461 1250 498 variatur

306 526 424 572 Pena,
456 538 534 575 que
563 526 728 564 diuersis
758 526 854 564 dant
884 532 1125 564 nocumenta
1154 526 1307 565 modis:

306 590 398 628 Hec
427 590 524 637 ferit,
557 590 621 628 illa
650 590 760 639 rapit,
793 590 866 628 hec
895 590 1050 628 mordet
1079 597 1118 629 et
1146 591 1267 629 altera
1295 592 1445 640 pungit,

305 656 397 694 Hec
426 656 538 694 saltat
568 668 646 705 que
675 668 745 694 sua
774 656 825 694 de
854 657 1027 706 pugione
1056 663 1185 695 nocet.

359 721 501 761 Musca
529 721 657 770 grauis
687 721 818 769 pestis,
850 733 928 770 qua
958 721 1064 759 nulla
1094 722 1273 760 nociuior
1301 734 1474 771 vnquam

305 786 455 833 Extitit‚
486 792 554 824 aut
583 786 735 824 mundo
765 786 851 835 plus
880 786 1053 824 violenta
1082 786 1188 825 lues:

302 852 433 889 Tanta
461 851 534 889 fuit
562 850 690 890 rabies
719 858 850 889 tantus
880 852 1089 902 feruorque
1118 853 1208 899 diei,

303 917 431 955 Tutus
460 924 500 955 vt
530 916 570 954 in
600 917 708 955 nullo
738 917 826 966 quis
856 917 958 955 valet
987 929 1073 955 esse
1103 917 1202 955 loco.

277 978 280 982 ’
304 983 364 1019 Ex
394 983 517 1020 nimio
547 994 683 1020 musce
713 982 845 1020 subito
875 983 1027 1020 feruore
1055 982 1268 1029 calescunt,

305 1049 415 1096 Quas
446 1048 551 1097 prius
581 1048 774 1097 oppressit
802 1060 902 1086 cana
931 1048 1071 1096 pruina
1098 1048 1211 1096 gelu:

303 1113 367 1151 Sic
396 1114 503 1151 calor
531 1113 664 1151 estatis
694 1111 826 1151 subito
856 1113 1009 1150 feruore
1038 1124 1108 1161 per
1135 1125 1248 1161 agros

304 1179 463 1228 Spersit,
494 1190 631 1228 yemps
661 1177 820 1216 modica
849 1189 946 1227 quas
976 1178 1142 1215 retinere
1172 1177 1282 1215 solet.

303 1244 340 1282 O
371 1256 430 1281 res
460 1243 557 1281 mira
587 1243 715 1290 nimis,
746 1255 843 1292 vaga
872 1243 1050 1291 dumque
1079 1242 1231 1280 locusta
1251 1242 1418 1281 ‘labores

303 1309 335 1346 F
338 1309 485 1347 ormice
514 1309 692 1358 proprios
721 1308 906 1347 vendicat
935 1319 1022 1346 esse
1051 1310 1166 1345 suos!

304 1374 340 1412 O
371 1386 430 1412 res
460 1374 557 1411 mira
586 1374 714 1421 nimis,
746 1386 838 1411 cum
868 1385 1005 1411 musca
1033 1373 1210 1422 rapacior
1239 1373 1348 1411 omni

303 1440 403 1478 Niso
433 1439 483 1478 de
512 1440 644 1489 predis
673 1440 798 1478 feruet
826 1439 973 1489 vbique
1003 1439 1106 1477 suis!

303 1502 340 1541 O
370 1514 429 1540 res
459 1502 556 1540 mira
585 1502 712 1549 nimis,
744 1502 906 1551 pennati
936 1501 1098 1551 quando
1128 1500 1299 1551 superbe

304 1568 477 1605 Pauonis
506 1567 651 1605 fastum
680 1567 840 1606 sordida
868 1579 1005 1605 musca
1034 1567 1145 1605 tulit!

303 1633 340 1672 O
371 1645 430 1671 res
460 1632 557 1670 mira
587 1633 715 1680 nimis,
748 1645 839 1670 cum
870 1633 918 1671 sit
947 1633 1120 1671 velocior
1147 1632 1218 1670 alis

304 1700 447 1736 Musca
476 1699 612 1737 volans
642 1699 827 1746 minimis,
859 1711 979 1748 quam
1009 1699 1058 1736 sit
1087 1697 1244 1736 Alauda
1272 1698 1375 1735 suis!

303 1764 340 1803 O
370 1776 429 1803 res
459 1765 557 1802 mira
585 1765 714 1812 nimis,
746 1765 842 1803 dum
872 1763 1019 1803 viribus
1048 1771 1167 1813 atque
1196 1764 1328 1802 volatu

304 1828 458 1867 Debilis
487 1836 696 1879 attemptat
726 1830 882 1867 vincere
912 1841 1048 1867 musca
1076 1831 1236 1878 gruem!

303 1895 340 1933 O
370 1906 430 1932 res
459 1894 556 1932 mira
586 1895 713 1941 nimis,
744 1894 917 1943 aquilam
947 1894 1044 1932 dum
1074 1905 1211 1931 musca
1240 1905 1464 1942 supremam

306 1959 497 2007 Precellit,
528 1972 607 2009 que
637 1972 753 1997 suum
783 1960 902 2009 spirat
930 1958 1077 1997 habere
1105 1958 1296 2008 gradum!

359 2060 450 2097 Hec
480 2065 561 2096 erat
591 2059 655 2096 illa
684 2059 779 2106 dies,
812 2070 890 2108 que
920 2070 1076 2096 muscas
1106 2057 1226 2095 dente
1255 2056 1415 2094 caninas

304 2124 426 2170 Misit,
458 2130 497 2162 et
527 2136 574 2162 ex
602 2124 712 2161 viciis
741 2123 979 2162 conviciauit
1008 2123 1200 2160 humum:

304 2191 395 2228 Hec
423 2195 506 2227 erat
535 2189 600 2227 illa
629 2189 724 2236 dies,
757 2202 835 2238 qua
863 2189 927 2227 vix
956 2188 1111 2226 fortuna
1140 2185 1312 2233 iuuabat,

302 2254 377 2293 Vel
407 2254 494 2292 loca
523 2266 601 2303 que
629 2266 765 2292 musca
795 2260 954 2303 tangere
984 2253 1092 2290 nulla
1120 2258 1274 2302 potest:

305 2321 397 2358 Hec
426 2326 506 2358 erat
536 2320 601 2357 illa
631 2320 726 2367 dies,
759 2319 871 2358 asino
901 2318 1116 2357 dextrarius
1146 2318 1186 2354 in
1216 2329 1295 2366 qua

305 2384 533 2432 Succubuit,
565 2397 643 2434 que
672 2397 744 2423 suo
773 2385 899 2422 victus
929 2384 1081 2422 honore
1110 2390 1239 2421 caret:

305 2451 397 2488 Hec
425 2456 507 2488 erat
536 2450 600 2488 illa
629 2451 725 2497 dies,
758 2450 797 2487 in
828 2462 906 2499 qua
934 2449 1015 2488 fera
1043 2448 1163 2487 corda
1192 2448 1354 2485 leonum

304 2514 547 2562 Subduntur‚
579 2528 658 2565 que
689 2515 811 2553 boum
840 2527 974 2565 pressa
1003 2514 1134 2563 vigore
1162 2518 1332 2562 pauent:

305 2581 397 2619 Hec
426 2587 507 2618 erat
536 2581 601 2619 illa
630 2581 725 2628 dies,
757 2594 835 2631 qua
864 2592 1006 2630 porcus
1037 2579 1219 2617 sordidus
1248 2589 1386 2615 omnes

304 2646 429 2684 Sorde
459 2658 528 2683 sua
557 2647 729 2685 mundos
758 2645 1065 2685 commaculauit
1093 2656 1229 2693 agros:

306 2711 398 2749 Hec
427 2718 508 2749 erat
537 2711 601 2749 illa
630 2712 725 2759 dies,
756 2712 865 2750 canis
895 2712 935 2748 in
964 2722 1042 2760 qua
1070 2708 1212 2747 forcior
1239 2719 1328 2746 vrso

239 2831 306 2871 609
329 2830 498 2861 exereitus
514 2829 615 2862 huius
632 2830 658 2862 C
707 2831 879 2862 exercitus
897 2829 969 2861 eius
989 2829 1018 2859 D
1150 2828 1216 2858 610
1241 2825 1433 2857 Beelzebub
1450 2825 1477 2856 C

197 2882 344 2923 hyemps
361 2881 388 2913 C

1612 241 1666 279 39

1599 401 1665 434 610

1601 1053 1665 1085 620

1602 1704 1665 1745 630

1598 2387 1662 2427 640

1598 2824 1662 2855 622
