2095 3173
854 214 983 255 VOX
1025 214 1386 255 CLAMANTIS

496 322 577 360 Hic
607 323 748 361 fractos
777 334 901 367 arcus,
932 322 996 360 hic
1026 323 1110 360 sine
1140 322 1228 360 luce
1256 322 1409 369 facem3

494 389 656 437 Quique
686 389 816 426 colum
848 387 997 425 baiulat
1027 400 1108 425 non
1139 400 1180 425 se
1209 387 1405 436 reputauit
1436 386 1639 434 inermem,

497 453 650 492 Debilis
679 459 852 491 armatus
882 453 938 490 sic
967 452 1057 490 furit
1087 453 1170 501 ipse
1200 464 1333 490 senex.

548 519 785 556 Rusticitate
814 525 948 556 tamen
978 518 1161 556 iuuenilis
1190 530 1290 567 quos
1321 517 1411 555 furit
1441 524 1522 555 etas

494 584 697 632 Quicquid
726 583 838 621 adest
867 583 1051 622 manibus
1081 584 1278 632 asperiora
1306 589 1445 633 gerunt
1460 596 1470 630 3

496 650 624 696 Ascia,
657 650 744 696 falx,
777 649 866 688 fede
896 661 996 698 quos
1025 649 1182 687 roderat
1211 655 1293 686 atra
1322 648 1476 698 rubigo,

493 715 721 761 Gestantur,
751 726 829 764 que
859 727 931 752 suo
961 714 1126 763 cuspide
1155 714 1257 752 colla
1286 719 1433 752 secant.

492 781 624 828 Quem
654 780 795 829 vagina
822 780 918 829 tegit
947 792 1083 818 ensem
1113 780 1175 817 vix
1204 779 1421 826 dimidiata,

491 845 629 883 Gestat
659 851 698 883 et
727 845 920 894 ingenuos
950 845 1117 882 rusticus
1147 844 1241 882 inde
1269 844 1380 882 ferit:

491 910 563 947 Est
593 909 647 947 ibi
677 922 802 959 vanga
831 910 920 948 loco
949 909 1080 958 gladii,
1111 907 1276 946 baculus
1306 908 1414 946 velut
1443 908 1555 946 hasta

490 973 688 1021 Vibratur,
721 986 798 1024 que
827 975 944 1012 simul
973 980 1156 1024 prompta
1185 974 1331 1012 securis
1360 973 1496 1011 adest:

491 1041 618 1077 Arcus
648 1040 700 1077 ibi
731 1040 878 1078 multus
908 1040 1020 1078 fumo
1050 1052 1128 1089 que
1158 1045 1261 1078 etate
1290 1045 1473 1087 retortus,

491 1105 543 1143 Et
572 1106 657 1143 sine
686 1112 781 1143 ωηο
811 1105 952 1154 pennis
982 1105 1105 1143 multa
1134 1105 1273 1154 sagitta
1301 1105 1431 1144 volat:

489 1170 664 1218 Tribula,
696 1171 846 1208 furcula
874 1177 970 1208 tune
999 1171 1111 1220 quasi
1140 1171 1332 1220 rumphea
1361 1170 1433 1209 rite
1462 1170 1651 1218 feruntur,

490 1236 629 1273 Fertur
657 1242 695 1274 et
724 1242 764 1274 vt
792 1236 947 1286 gladius
976 1236 1141 1275 malleus
1171 1236 1255 1285 ipse
1284 1236 1402 1274 ferus.

492 1301 665 1348 Dixerat,
700 1302 804 1339 ‘Ista
833 1303 977 1340 decent
1007 1302 1192 1340 humeros
1221 1302 1441 1351 gestamina
1471 1301 1649 1349 nostros‚'

490 1367 690 1414 Rusticus,
722 1373 761 1404 et
790 1367 855 1404 tali
886 1379 1085 1405 murmure
1114 1367 1253 1405 transit
1282 1367 1366 1405 iter.

489 1432 554 1470 Sic
583 1432 725 1470 saltant
755 1432 919 1470 iuuenes
950 1432 1170 1470 catulorum
1200 1444 1310 1470 more
1338 1444 1408 1482 per
1435 1444 1541 1479 arua,

490 1497 543 1534 Et
572 1497 736 1536 transire
765 1498 865 1536 feras
895 1498 946 1536 de
975 1498 1136 1536 leuitate
1166 1504 1319 1547 putant.

490 1563 561 1600 Est
591 1562 645 1601 ibi
674 1563 798 1601 funda
826 1576 946 1601 manu
976 1563 1128 1612 lapides
1159 1574 1320 1613 quoque
1349 1563 1604 1612 limpidiores,

489 1628 607 1667 Vnde
636 1628 746 1666 dedit
775 1629 898 1666 varias
928 1629 1096 1666 rusticus
1126 1629 1209 1678 ipse
1238 1629 1378 1668 minas.

491 1694 562 1731 Hii
590 1693 735 1743 glebas,
768 1694 821 1731 hii
852 1694 1027 1743 direptos
1057 1701 1095 1732 et
1124 1694 1175 1732 ab
1203 1693 1343 1732 arbore
1372 1706 1513 1742 ramos,

491 1761 562 1797 Est
591 1759 657 1797 vbi
689 1760 743 1796 nil
771 1760 891 1807 aliud,
923 1760 974 1798 de
1004 1760 1154 1798 feritate
1184 1760 1336 1798 ferunt:

491 1826 584 1862 Pars
612 1825 710 1874 gerit
739 1831 777 1862 et
807 1825 946 1872 silices,
978 1838 1028 1863 ne
1057 1825 1187 1863 desint
1216 1826 1293 1863 tela
1323 1825 1453 1872 furori,

491 1890 712 1939 Menteque
741 1890 939 1928 mortifera
968 1890 1065 1928 dant
1093 1890 1173 1928 fera
1202 1889 1305 1928 bella
1335 1902 1427 1928 sua:

488 1955 692 1993 Perfusam
722 1955 848 1993 multo
877 1956 1102 2004 sapientum
1132 1956 1323 2005 sanguine
1352 1962 1494 1993 terram

490 2021 584 2058 Hoc
613 2033 737 2070 genus
767 2021 956 2069 insipiens
986 2021 1228 2059 inmaduisse
1257 2021 1398 2059 ferunt.

490 2086 562 2124 Hii
591 2085 858 2135 gradibusque
888 2086 966 2123 suis
996 2086 1068 2124 iter
1094 2086 1292 2135 arripuere
1320 2086 1524 2136 gradatim,

489 2152 584 2199 Quo
613 2151 687 2189 sibi
717 2163 799 2188 non
829 2151 934 2189 racio
965 2151 1065 2189 velle
1093 2158 1152 2189 set
1182 2151 1236 2189 ire
1265 2151 1387 2189 iubet.

1792 980 1856 1012 860

427 2292 506 2327 Hic
541 2292 641 2327 dicit
677 2292 901 2328 secundum
933 2292 1142 2327 visionem
1176 2292 1359 2336 sompnii
1392 2291 1573 2336 qualiter
1606 2293 1648 2328 et
1681 2293 1849 2336 quando

380 2352 490 2387 dicte
522 2351 629 2385 furie
662 2352 894 2395 instigante
927 2351 1106 2395 diabolo,
1135 2361 1290 2385 nouam
1320 2350 1502 2393 Troiam,
1534 2351 1573 2385 id
1610 2353 1675 2386 est
1705 2351 1849 2387 ciuita-

379 2413 464 2445 tem
505 2410 823 2452 Londoniarum,
867 2411 1059 2453 ingresse
1104 2411 1223 2444 sunt:
1263 2420 1362 2444 nam
1405 2410 1515 2444 sieut
1551 2410 1680 2445 Troia
1718 2420 1849 2454 nuper

380 2470 572 2504 desolata
589 2470 740 2513 extitit,
758 2470 821 2504 ita
833 2469 917 2504 ista
935 2469 1087 2504 ciuitas
1101 2470 1276 2512 protunc
1290 2469 1411 2512 quasi
1428 2468 1540 2503 omni
1552 2470 1849 2504 consolacione

379 2528 585 2563 destituta
603 2538 677 2572 pre
694 2528 835 2563 dolore
852 2528 1021 2572 penitus
1038 2527 1324 2571 ignominiosa
1343 2527 1588 2571 permansit.

229 2613 357 2659 (Japm.
381 2609 456 2646 xiii.

543 2611 579 2647 A
609 2609 835 2658 dextrisque
864 2621 1010 2647 nouam
1040 2621 1104 2646 me
1133 2615 1227 2646 tunc
1255 2608 1400 2646 vidisse
1428 2608 1617 2658 putabam

491 2674 663 2721 Troiam,
696 2687 773 2724 que
803 2675 922 2713 vidue
951 2674 1137 2724 languida
1165 2685 1275 2712 more
1303 2673 1402 2711 fuit:
1784 2681 1847 2712 880

423 2777 488 2816 855
513 2777 649 2808 roderat
666 2777 878 2809 CEHGTH2
923 2781 1055 2808 roserat
1073 2777 1103 2807 D
1248 2776 1378 2807 rubedo
1397 2776 1427 2807 D
1575 2777 1637 2816 857
1663 2776 1687 2808 S
1706 2786 1849 2807 resumes

379 2830 445 2861 868
463 2830 504 2860 de
521 2829 546 2860 S
593 2839 630 2860 se
648 2829 779 2860 CEHD
912 2831 977 2868 872
1001 2829 1045 2859 ibi
1064 2829 1125 2860 ED

423 2881 507 2921 Cap.
524 2881 592 2912 xiii.
611 2880 772 2922 Heading
813 2892 832 2912 2
851 2881 939 2913 idest
957 2881 1025 2912 HD
1158 2891 1178 2920 4
1195 2891 1256 2920 pro
1272 2885 1351 2912 tunc
1368 2880 1463 2911 CEH
