2121 3173
590 204 716 246 REX
756 205 894 246 CELI
939 205 1102 248 DEUS
1145 220 1237 248 mc.
1568 223 1647 261 343

288 310 398 349 Post
428 322 508 348 sua
536 310 763 350 demerita
791 311 929 362 periit
957 325 1039 351 sua
1066 325 1235 363 pompa
1263 311 1435 363 sopita;

289 375 452 425 Qualis
481 383 578 415 erat
606 375 710 424 vita,
742 377 925 416 cronica
954 377 1098 416 stabit
1127 377 1200 416 ita.

315 491 510 540 Explicit
529 492 724 532 cronica
754 489 1054 541 presentibus
1078 504 1164 542 que
1193 493 1360 532 futuris
1389 494 1511 541 vigili

505 558 642 597 eorde
671 559 874 606 Regibus
895 558 1304 600 commemoranda.

227 740 424 784 Sequitur
448 751 616 777 carmen
643 742 755 778 vnde
777 741 1027 787 magnificus
1049 742 1142 777 Rex
1164 744 1311 778 noster
1328 743 1535 778 Henricus
1556 753 1646 788 pre-

178 800 354 834 notatus
379 800 488 844 apud
513 800 634 835 deum
659 802 702 835 et
725 800 918 835 homines
944 810 1036 835 cum
1063 801 1178 835 omni
1204 801 1497 837 benediccione
1523 801 1646 845 glori-

178 856 331 893 ficetur.

404 962 458 989 Ex
487 950 562 989 celi
591 952 689 990 deus
720 958 759 990 et
788 951 985 998 dominus,
1018 950 1086 1001 qui
1115 958 1295 1001 tempora
1323 952 1429 990 solus

432 1015 635 1063 Condidit,
666 1023 705 1054 et
734 1017 841 1054 solus
868 1015 1031 1054 condita
1059 1023 1203 1054 cuncta
1231 1015 1337 1066 regit,

287 1080 367 1129 Qui
396 1094 525 1119 rerum
554 1094 692 1120 causas
722 1095 768 1120 ex
798 1095 840 1120 se
869 1080 1064 1131 produxit,
1096 1088 1135 1119 et
1164 1094 1284 1119 vnum

288 1147 335 1183 In
365 1159 406 1184 se
436 1145 673 1198 principium
703 1147 819 1185 rebus
849 1146 977 1185 inesse
1007 1145 1128 1193 dedit,

287 1210 368 1261 Qui
396 1211 507 1250 dedit
535 1219 575 1250 vt
604 1211 734 1250 stabili
764 1218 874 1250 motu
904 1210 1135 1250 consisteret
1165 1210 1280 1259 orbis,

286 1276 404 1315 Fixus
434 1276 656 1316 ineternum
686 1276 905 1316 mobilitate
934 1290 1015 1325 sua,

286 1341 448 1392 Quique
476 1350 618 1393 potens
647 1342 756 1381 verbi
784 1342 969 1392 produxit
996 1344 1048 1381 ad
1077 1355 1163 1381 esse
1192 1350 1332 1389 creata,

285 1406 445 1457 Quique
474 1421 544 1446 sue
573 1407 716 1446 mentis
745 1409 830 1458 lege
858 1407 994 1457 ligauit
1022 1421 1078 1455 ea7

287 1474 377 1523 Ipse
407 1481 525 1523 caput
554 1487 701 1524 regum,
733 1486 842 1523 reges
871 1487 952 1523 quo
982 1473 1257 1520 rectificantur,

284 1539 343 1576 Te
372 1551 450 1588 que
479 1546 592 1577 tuum
621 1552 796 1588 regnum,
829 1540 917 1577 Rex
944 1537 1020 1589 pie,
1051 1551 1176 1588 queso
1205 1547 1320 1589 regat.
1608 1556 1647 1576 ιο

284 1603 405 1641 Grata
433 1603 716 1653 superueniens
746 1611 784 1642 te
813 1602 920 1642 misit
947 1602 1077 1653 gracia
1105 1603 1232 1650 nobis,

283 1668 320 1707 O
350 1668 434 1707 sine
463 1668 553 1707 labe
582 1669 686 1706 salus
715 1669 824 1706 nulla
852 1681 921 1718 per
948 1674 1041 1706 ante
1070 1667 1166 1705 fuit:

284 1733 348 1771 Sic
378 1741 467 1771 tuus
496 1734 693 1772 aduentus
722 1746 828 1771 noua
857 1732 1001 1782 gaudia
1031 1740 1172 1782 sponte
1202 1732 1366 1779 reduxit,

284 1800 377 1847 Quo
407 1798 513 1848 prius
543 1798 583 1836 in
611 1799 721 1836 luctu
749 1797 910 1835 lacrima
940 1796 1063 1835 maior
1091 1805 1183 1835 erat.

285 1865 370 1902 Nos
400 1871 467 1901 tua
496 1862 642 1901 milicia
669 1862 837 1913 pauidos
867 1861 1057 1900 releuauit
1085 1861 1137 1899 ab
1166 1875 1269 1911 ymo,

284 1930 397 1978 Quos
426 1928 532 1979 prius
562 1927 756 1979 oppressit
785 1926 970 1978 ponderis
1000 1940 1120 1965 omne
1150 1928 1322 1965 malum:

285 1995 345 2031 Ex
373 1993 568 2044 probitate
598 2001 675 2041 tua,
707 2006 788 2043 quo
818 2006 921 2031 mors
951 1991 1129 2030 latitabat
1158 1992 1199 2030 in
1227 1993 1375 2039 vmbra,

284 2057 376 2096 Vita
404 2057 609 2097 resurrexit
638 2059 742 2096 clara
770 2071 847 2107 que
877 2070 996 2107 regna
1024 2056 1145 2107 regit:

283 2123 348 2161 Sic
377 2130 444 2161 tua
473 2137 555 2162 sors
584 2130 730 2162 sortem
759 2122 959 2161 mediante
988 2123 1066 2161 deo
1096 2129 1326 2160 renouatam

283 2189 403 2226 Sanat
432 2196 470 2227 et
499 2189 696 2234 emendat,
728 2200 805 2237 que
833 2186 940 2237 prius
969 2200 1060 2237 egra
1088 2186 1170 2225 fuit.
1226 2238 1230 2243 .
1603 2205 1642 2225 20

283 2254 320 2292 O
350 2252 413 2303 pie
442 2266 518 2300 rex,
551 2252 724 2292 Cristum
754 2266 822 2302 per
851 2259 889 2290 te
919 2253 1138 2299 laudamus,
1170 2259 1210 2291 et
1239 2251 1368 2302 ipsum

284 2317 364 2366 Qui
393 2317 465 2357 tibi
493 2332 566 2356 nos
595 2317 730 2356 tribuit
759 2325 858 2356 terra
888 2317 1020 2356 reviua
1048 2316 1165 2355 colit:

283 2383 427 2421 Sancta
456 2382 504 2421 sit
534 2383 598 2422 illa
627 2383 722 2429 dies,
754 2396 833 2432 qua
862 2390 903 2420 tu
933 2381 1005 2420 tibi
1035 2395 1154 2431 regna
1182 2381 1324 2432 petisti,

282 2448 450 2487 Sanctus
479 2456 517 2487 et
545 2448 609 2487 ille
639 2449 747 2495 deus,
780 2447 848 2498 qui
877 2447 949 2486 tibi
977 2460 1096 2497 regna
1124 2447 1262 2485 dedit!

284 2513 365 2563 Qui
393 2513 464 2552 tibi
493 2513 619 2565 prima
646 2513 744 2560 tulit,
777 2514 984 2552 confirmet
1013 2525 1131 2562 regna
1159 2513 1298 2559 futura,

218 2595 283 2633 488
296 2593 316 2624 s.
428 2594 485 2625 Sic
510 2594 654 2625 diffinita
676 2599 744 2626 stat
768 2595 862 2633 regia
886 2604 962 2625 sors
985 2592 1156 2631 stabilita3

445 2646 553 2685 Regis
575 2651 611 2676 vt
634 2650 687 2677 est
709 2647 788 2686 vita,
815 2645 951 2677 cronica
974 2644 1078 2675 stabit
1100 2644 1158 2677 ita.
1205 2643 1235 2675 G

220 2697 395 2728 Expmcff.
441 2707 460 2727 2
479 2697 631 2736 Regibus
648 2698 705 2729 SG
751 2697 876 2736 iugiter
892 2696 1010 2727 CHHa

220 2749 300 2780 Rax
323 2759 410 2790 cum,
431 2751 492 2781 &e.
545 2749 610 2780 The
630 2749 731 2782 MSS.
750 2748 888 2789 referred
907 2753 937 2779 to
951 2749 1013 2787 sor
1034 2748 1098 2778 this
1118 2747 1189 2779 and
1201 2748 1252 2778 the
1267 2752 1329 2779 two
1344 2748 1528 2790 succeedt'ng
1541 2749 1638 2789 piet-es

174 2813 229 2834 are
245 2801 421 2833 SCHGH³
438 2800 510 2833 and
523 2801 602 2842 (for
615 2802 677 2832 this
688 2802 770 2840 pt'ece
785 2801 857 2832 and
870 2801 919 2831 the
934 2803 1023 2839 next)
1040 2800 1091 2830 the
1111 2800 1142 2831 T
1139 2799 1290 2831 rentham
1308 2800 1380 2832 MS.
1400 2800 1469 2843 (T).

221 2865 258 2886 12
282 2854 359 2894 Quo
376 2854 404 2885 T
539 2863 577 2893 15
601 2853 724 2885 milicia
741 2853 765 2885 S
783 2854 895 2895 (corr.)
960 2852 1103 2884 milicies
1120 2852 1268 2884 CHHsT
