2095 3173
437 262 516 301 272
903 249 1035 290 vox
1074 246 1433 290 CLAMANT1s

486 654 715 697 Postquam
734 653 783 688 de
801 653 979 697 singulis
997 653 1209 697 gradibus,
1229 662 1301 697 per
1318 662 1423 696 quos
1444 653 1533 687 tam
1555 651 1600 686 in
1625 651 1913 696 spiritualibus

439 723 563 757 quam
589 713 633 747 in
658 713 961 756 temporalibus
984 722 1101 747 error
1123 712 1277 755 vbique
1295 711 1548 753 diffunditur,
1567 711 1799 746 tractatum
1816 711 1913 745 hac-

439 774 563 806 tenus
597 772 755 813 existit,
781 772 866 806 iam
900 771 1127 806 secundum
1161 771 1420 814 quorundam
1454 770 1693 814 opinionem
1727 771 1915 805 tractare

438 831 623 866 intendit
655 831 704 865 de
738 830 912 875 pedibus
946 832 1101 872 statue,
1128 840 1253 873 quam
1278 830 1642 873 Nabugodonosor
1667 828 1839 863 viderat
1871 828 1916 862 in

439 890 640 934 sompnis,
659 900 833 933 quorum
851 889 1047 924 videlicet
1065 888 1215 933 pedum
1240 888 1418 932 quedam
1442 898 1544 932 pars
1564 888 1714 929 ferrea,
1739 887 1915 931 quedam

439 949 593 990 fictilis,
612 949 656 983 in
674 949 811 992 figura
829 947 1176 983 deterioracionis
1193 947 1318 981 huius
1334 946 1477 980 mundi
1496 947 1708 988 extiterat,
1727 946 1772 980 in
1790 956 1915 989 quam

440 1018 521 1042 nos
554 1008 607 1041 ad
634 1018 810 1051 presens
836 1010 1014 1051 tempus,
1041 1006 1148 1050 quod
1176 1008 1241 1042 est
1267 1005 1572 1050 quodammodo
1598 1005 1642 1038 in
1668 1004 1750 1039 fine
1776 1004 1915 1045 seculi,

441 1066 681 1101 euidencius
721 1067 977 1101 devenimus.
1044 1065 1098 1101 Et
1135 1065 1269 1110 Primo
1309 1064 1409 1100 ferri
1453 1063 1814 1108 significacionem
1851 1063 1916 1098 de-

441 1125 632 1160 clarabit.

887 1230 1049 1278 Incipit
1076 1229 1193 1267 liber
1221 1227 1471 1276 Septimus.

345 1342 475 1391 Capm.
500 1342 521 1379 i.
679 1341 759 1380 uod
789 1341 888 1379 solet
917 1340 1090 1390 antiquis
1119 1352 1245 1389 nuper
1274 1339 1424 1377 latitare
1453 1339 1599 1388 figuris,

561 1339 667 1455 O
706 1409 923 1445 Possumus
953 1419 999 1445 ex
1029 1407 1172 1444 nostris
1201 1406 1401 1444 verificare
1430 1405 1567 1442 malis:

549 1474 672 1522 Quod
700 1480 851 1512 veteres
880 1474 990 1511 fusca
1019 1473 1177 1522 sompni
1207 1473 1373 1510 timuere
1403 1471 1477 1509 sub
1507 1470 1654 1517 vmbra,

550 1540 638 1577 Iam
667 1545 859 1577 monstrat
888 1550 1001 1576 casus
1032 1537 1195 1587 peruigil
1224 1549 1317 1574 ecce
1348 1549 1489 1574 nouus.

550 1606 670 1643 Nunc
700 1612 818 1654 caput
847 1617 869 1642 a
898 1611 1026 1642 statua
1057 1602 1257 1652 Nabugod
1286 1602 1551 1651 prescinditur
1580 1602 1674 1648 auri,

552 1670 700 1708 Fictilis
730 1676 769 1707 et
797 1669 885 1707 ferri
916 1675 1019 1707 stant
1049 1668 1130 1706 duo
1160 1668 1318 1716 iamque
1347 1666 1496 1715 pedes:

553 1735 710 1773 Nobilis
740 1747 762 1772 a
792 1734 945 1772 mundo
974 1746 1081 1771 nunc
1110 1733 1254 1771 desinit
1283 1744 1401 1769 aurea
1430 1731 1571 1780 proles,

553 1800 766 1849 Pauperies
796 1800 883 1837 ferri
914 1799 1087 1836 nascitur
1115 1805 1234 1846 atque
1265 1796 1350 1834 sibi.

553 1866 647 1904 Non
678 1866 800 1903 modo
829 1864 1072 1914 magnanimi
1101 1864 1206 1901 volat
1235 1862 1369 1900 inclita
1398 1862 1502 1899 fama
1532 1874 1600 1910 per
1629 1860 1779 1908 orbem,

553 1931 679 1970 Cuius
708 1931 836 1968 honor
865 1930 1018 1967 mundo
1047 1928 1227 1978 congruit
1256 1934 1376 1976 atque
1405 1927 1506 1965 deo:
1881 1940 1921 1962 10

554 1998 647 2035 Non
679 1996 801 2034 modo
831 1993 1070 2045 pauperibus
1099 1994 1244 2043 spergit
1274 2005 1344 2031 sua
1373 2004 1537 2039 munera
1567 1992 1707 2041 largus,

554 2063 641 2100 Nec
670 2063 778 2099 fouet
808 2062 848 2098 in
878 2073 1015 2098 mensa
1043 2060 1107 2097 vix
1136 2059 1259 2097 modo
1289 2059 1401 2096 diues
1431 2070 1523 2096 eos:

554 2126 631 2164 Vix
659 2127 805 2176 pietate
835 2126 957 2163 modo
988 2125 1117 2163 nudos
1148 2125 1236 2173 quis
1267 2124 1381 2162 vestit
1410 2135 1569 2172 egenos,

557 2191 644 2228 Nec
673 2189 778 2237 capit
806 2187 987 2236 hospicio
1017 2199 1117 2235 quos
1148 2187 1219 2224 scit
1249 2198 1363 2235 egere
1392 2198 1524 2234 vagos.

556 2255 652 2292 Non
681 2258 815 2290 manet
845 2252 1015 2290 obtrusis
1046 2251 1113 2300 qui
1144 2263 1299 2288 carcere
1328 2251 1410 2287 vult
1440 2249 1625 2295 misereri,

556 2320 661 2357 Sana
691 2330 765 2356 nec
794 2318 973 2355 infirmos
1003 2329 1080 2365 que
1111 2317 1220 2353 iuuat
1249 2316 1325 2352 vlla
1355 2327 1521 2353 manus:

557 2385 666 2422 Inter
692 2383 895 2421 discordes
924 2382 1105 2430 antiqum
1134 2381 1248 2419 fedus
1277 2381 1424 2418 amoris

557 2450 651 2487 Non
681 2456 739 2487 est
768 2449 819 2486 ad
849 2460 1009 2497 presens
1040 2447 1106 2496 qui
1136 2458 1314 2495 reparare
1343 2446 1466 2483 venit.

610 2516 729 2553 Nunc
759 2521 892 2551 tamen
922 2525 1008 2550 esse
1038 2513 1134 2550 duas
1164 2511 1371 2560 specialius
1402 2511 1543 2548 estimo
1575 2523 1728 2550 causas,

558 2580 618 2617 Ex
648 2579 792 2628 quibus
822 2579 886 2616 hic
916 2578 1088 2616 mundus
1119 2577 1263 2615 desinit
1293 2588 1379 2614 esse
1409 2576 1551 2614 bonus.
1884 2592 1924 2612 20

562 2646 719 2683 Harum
749 2644 899 2682 luxuria
928 2643 1117 2692 reperitur
1145 2643 1186 2680 in
1215 2642 1354 2680 ordine
1383 2642 1518 2691 prima,

523 2721 528 2725 '
559 2711 619 2747 Ex
650 2723 728 2760 qua
757 2718 890 2758 torpor
920 2708 1044 2747 hebes
1075 2707 1247 2745 nascitur
1275 2714 1393 2756 atque
1424 2707 1547 2756 quies.

560 2776 624 2813 Sic
653 2782 833 2813 causatur
862 2787 908 2812 ea
937 2774 1049 2811 miles
1079 2773 1201 2811 modo
1231 2772 1369 2809 tardus
1398 2773 1449 2810 ad
1478 2785 1598 2818 arma,

559 2841 697 2889 Quem
726 2840 867 2878 mulier
895 2839 1080 2877 thalamis
1110 2838 1257 2876 mulcet
1285 2850 1419 2876 amore
1449 2838 1556 2884 suis3

839 2929 860 2958 9
884 2917 1087 2957 magnanimi
1104 2916 1266 2948 CEHDL
1311 2920 1504 2955 magnatum
1521 2915 1544 2946 S
