2095 3173
14 1396 15 1405 ⁴
0 1323 1 1326 Α
13 1288 19 1303 -
13 1240 18 1280 ςᾼι
0 0 18 1233 xss-Qfflv;›fflsswssm-fflm

645 200 831 241 LIBER
874 201 1211 243 SECUNDUS

304 307 383 344 Tot
412 318 573 356 quoque
602 306 747 345 diuicie
776 308 938 357 quando
968 308 1075 346 fuere
1104 320 1184 355 sue,

304 371 490 420 Cumque
520 371 752 410 Philisteum
782 379 937 410 constat
967 373 1105 411 vicisse
1133 373 1332 422 gigantem

305 436 446 474 Funda
475 448 595 473 manu
626 436 770 484 Dauid,
803 450 897 474 num
928 437 1026 475 deus
1056 438 1128 475 ista
1157 438 1275 476 tulit?

305 499 490 548 Cumque
519 500 603 537 dies
632 500 785 538 fuerant
816 501 986 539 Ezechie
1014 502 1217 540 morientis

307 564 371 602 Sic
401 564 585 613 elongati,
618 577 724 602 mors
755 578 916 614 quoque
945 566 1064 603 cessit
1094 567 1140 612 ei,

305 628 373 666 Set
402 640 494 665 cum
523 628 574 666 de
603 629 719 677 culpa
747 629 819 666 fuit
849 636 1033 667 excusata
1063 630 1255 678 Susanna,

308 693 455 730 Hester
483 699 521 730 et
550 693 589 729 in
619 693 769 742 populo
797 694 1014 742 glorificata
1043 707 1131 742 suo,

308 757 384 794 Dic
414 769 492 806 que
519 757 676 795 fortuna
705 764 799 795 tunc
829 771 1013 808 prospera
1041 760 1208 798 contulit
1237 760 1360 809 ipsis?

308 821 437 875 Nulia,
469 828 577 870 puto,
609 834 739 871 neque
768 823 846 860 iam
875 824 962 873 quis
991 836 1086 873 rogo
1115 831 1249 862 causet
1278 837 1376 863 eam.

309 887 357 924 In
387 887 585 925 recolente
614 887 734 925 deum
765 900 845 925 non
875 895 934 926 est
963 889 1119 926 fortuna
1148 889 1331 937 colenda,

310 952 396 990 Nec
425 952 592 990 faciente
622 953 770 990 malum
799 965 882 991 sors
912 954 1014 992 valet
1043 966 1129 992 esse
1157 953 1275 992 bona.

364 1051 475 1099 Quid
504 1051 657 1089 Pharao
686 1058 839 1100 poterat
868 1052 1066 1090 fortunam
1095 1053 1341 1102 corripuisse,

311 1116 496 1165 Cumque
525 1117 654 1155 furore
684 1117 742 1154 sui
772 1123 830 1155 tot
859 1117 1008 1166 periere
1037 1118 1137 1155 viri?

310 1183 391 1219 Aut
422 1181 770 1231 Nabugodonosor
798 1194 868 1220 sua
897 1182 1007 1231 quod
1037 1188 1188 1219 mutata
1217 1183 1339 1232 figura

313 1247 361 1284 In
391 1259 511 1296 pecus
542 1247 730 1293 extiterat,
763 1246 860 1296 quid
890 1247 964 1284 nisi
993 1247 1110 1296 culpa
1139 1246 1289 1285 dabat?

311 1312 392 1349 Aut
421 1311 518 1360 quid
547 1317 586 1349 et
615 1311 679 1349 ille
708 1312 809 1358 Saul,
833 1311 900 1360 qui
931 1323 1094 1360 regnum
1124 1312 1296 1360 perdidit
1325 1318 1364 1350 et
1394 1324 1447 1358 se,

312 1377 422 1414 Num
451 1376 544 1425 quia
573 1376 746 1425 precepti
776 1377 818 1414 fit
848 1388 935 1414 reus
966 1377 1049 1425 ipse
1078 1376 1174 1415 dei?

313 1441 406 1479 Non
436 1441 616 1478 Azariam
644 1441 752 1490 lepra
780 1441 952 1480 candida
980 1448 1085 1479 sorte
1114 1440 1280 1491 subegit,

314 1506 518 1555 Vsurpans
547 1506 684 1555 templi
714 1507 879 1555 presulis
908 1513 996 1544 acta
1025 1506 1131 1544 sibi?

313 1571 379 1609 Set
408 1571 505 1620 quid
534 1570 676 1609 Achab
705 1571 839 1610 dicet?
897 1571 1061 1610 Naboth
1090 1571 1187 1610 dum
1214 1572 1369 1610 tolleret
1397 1584 1545 1622 agrum,

314 1637 411 1674 Eius
439 1635 609 1674 auaricia
638 1636 681 1674 fit
709 1636 784 1674 sibi
813 1649 932 1674 causa
961 1637 1080 1675 necis.

314 1703 395 1739 Aut
425 1700 618 1740 Roboas?
665 1702 857 1751 quoniam
886 1703 1041 1740 senium
1069 1701 1177 1740 bona
1205 1701 1393 1752 dogmata
1421 1703 1581 1752 spreuit,

317 1767 502 1804 Diuisum
533 1778 697 1816 regnum
727 1767 876 1817 plangit
904 1766 1052 1805 habere
1080 1780 1209 1805 suum.

316 1833 397 1869 Aut
427 1831 597 1869 Phinees
626 1838 664 1869 et
694 1832 841 1880 Ophni,
873 1844 974 1881 quos
1004 1831 1096 1870 belli
1126 1838 1314 1870 strauerat
1344 1832 1460 1877 ensis,

317 1896 529 1945 Archaque
558 1903 672 1945 capta
701 1896 801 1934 fuit?
848 1897 984 1945 preuia
1011 1897 1128 1946 culpa
1158 1897 1255 1935 tulit.

317 1963 398 2000 Aut
427 1961 524 2010 quid
555 1961 672 2010 Hely,
704 1961 772 2010 qui
801 1962 1053 2000 retrocadens
1083 1961 1157 1999 sibi
1187 1961 1332 2000 vertice
1361 1961 1484 2000 fracto

319 2027 476 2066 Corruit
504 2038 527 2063 a
553 2026 666 2073 Sella,
698 2026 794 2064 dum
824 2033 955 2076 stupet
984 2026 1078 2064 inde
1108 2028 1242 2064 noua?

320 2094 414 2131 Non
443 2103 526 2129 sors
554 2092 711 2129 fortune
739 2098 893 2141 poterat
922 2090 997 2129 sibi
1026 2092 1118 2129 talia
1146 2092 1255 2138 ferre,

319 2158 386 2195 Set
414 2169 485 2206 pro
513 2156 685 2205 peccatis
714 2156 879 2206 contigit
907 2156 1005 2195 illud
1035 2157 1104 2194 eis.

320 2222 401 2271 Qui
431 2222 533 2260 male
561 2222 739 2260 fecerunt
767 2222 870 2259 mala
899 2221 1049 2270 premia
1079 2221 1158 2259 fine
1187 2221 1372 2268 tulerunt,

320 2289 506 2337 Namque
535 2287 660 2325 malos
690 2287 791 2324 iuste
819 2287 990 2336 perdidit
1019 2287 1103 2336 ipse
1132 2287 1245 2324 male.

374 2353 479 2392 Cum
508 2350 718 2390 simulacra
746 2352 883 2389 colens
912 2352 1083 2401 populus
1112 2357 1314 2400 peccasset
1345 2349 1543 2397 Hebreus,

323 2418 442 2456 Illum
470 2416 651 2455 tradebat
680 2416 861 2455 hostibus
891 2417 946 2454 ira
975 2416 1063 2454 dei:

323 2483 427 2522 Cum
458 2494 573 2532 prece
602 2482 773 2531 pulsaret
802 2482 932 2520 celum
962 2481 1169 2519 simulacra
1198 2480 1436 2529 relinquens,

324 2548 476 2585 Hostes
506 2553 613 2596 terga
641 2536 801 2593 dabant,
835 2546 932 2584 illud
961 2552 1103 2595 agente
1132 2545 1220 2583 deo.

325 2612 440 2650 Iudei
469 2624 578 2661 reges
606 2612 811 2650 valuerunt
840 2618 935 2649 tunc
964 2622 1080 2659 super
1109 2621 1261 2656 omnes,

327 2678 434 2715 Dum
465 2688 545 2714 non
576 2677 659 2713 iura
688 2676 748 2713 sui
778 2676 988 2725 preteriere
1017 2675 1108 2722 dei;

328 2741 507 2779 Hostiles
535 2741 639 2779 acies
668 2742 839 2790 populus
871 2740 1020 2779 Iudeus
1051 2740 1090 2776 in
1121 2739 1238 2777 armis

327 2806 490 2855 Semper
518 2805 675 2853 deuicit‚
707 2805 803 2844 dum
832 2804 962 2843 bonus
993 2805 1076 2853 ipse
1105 2804 1200 2842 fuit:

830 2883 892 2913 311
919 2874 987 2905 illis
1002 2873 1060 2904 CE

1611 219 1665 256 93

1604 709 1670 743 310

1610 1392 1676 1425 320

1615 2041 1683 2075 330

1619 2689 1686 2722 340
