2121 3173
449 225 530 265 344

307 2482 543 2527 Prophecia.

960 206 1087 248 REX
1129 204 1267 246 CELI
1312 202 1475 243 DEUS
1514 214 1606 242 Ere.

660 317 754 366 Quo
783 314 928 365 poteris
959 325 1103 362 magno
1133 323 1298 360 magnus
1328 310 1479 347 honore
1508 306 1606 345 frui:

658 381 717 420 Sit
745 380 816 419 tibi
845 377 1051 430 progenies
1080 376 1133 414 ita
1162 374 1421 425 multiplicata
1448 386 1518 423 per
1545 384 1677 419 euum,

660 445 783 495 Quod
811 456 935 493 genus
963 441 1057 480 inde
1087 440 1196 492 pium
1226 440 1374 490 repleat
1402 451 1522 477 omne
1551 438 1705 476 solum:

660 508 865 560 Quicquid
893 507 934 546 in
963 508 1059 546 orbe
1088 505 1184 545 boni
1212 503 1338 552 fuerit,
1369 503 1440 543 tibi
1470 515 1649 542 summus
1678 503 1729 540 ab
1757 502 1837 539 alto

661 577 808 621 Donet,
838 580 879 611 vt
907 572 948 610 in
977 571 1087 610 terris
1115 585 1181 609 rex
1210 569 1250 608 in
1279 571 1431 608 honore
1459 581 1594 618 regas:
1980 578 2019 607 30

661 640 794 679 Omne
823 638 933 688 quod
962 644 1021 676 est
1050 643 1163 687 turpe
1191 648 1361 673 vacuum
1387 633 1578 680 discedat,
1610 639 1648 670 et
1677 644 1796 670 omne

662 705 734 742 Est
762 703 872 753 quod
901 701 1165 740 honorificum
1194 701 1262 739 det
1290 701 1388 738 deus
1417 711 1503 737 esse
1532 705 1656 736 tuum.

662 768 885 809 Consilium
915 768 1079 814 nullum,
1111 766 1175 818 pie
1203 779 1284 813 rex,
1311 772 1350 803 te
1379 771 1512 814 tangat
1541 762 1706 813 iniqum‚

664 837 711 873 In
741 833 886 884 quibus
916 834 1117 871 occultum
1147 830 1221 869 scit
1249 831 1348 869 deus
1377 843 1462 868 esse
1492 830 1654 868 dolum:

661 898 778 938 Absit
806 897 987 945 auaricia‚
1018 910 1069 935 ne
1099 903 1233 946 tangat
1262 894 1366 945 regia
1395 895 1527 941 corda,

663 966 749 1003 Nec
780 970 899 1014 queat
928 962 968 1000 in
998 969 1098 1000 terra
1127 960 1304 1012 proditor
1332 973 1418 999 esse
1447 967 1538 998 tua:

663 1030 727 1069 Sic
756 1037 824 1068 tua
851 1041 1058 1079 processus
1088 1027 1233 1065 habeat
1261 1027 1419 1064 fortuna
1446 1025 1680 1075 perhennes,

664 1097 758 1145 Quo
786 1095 962 1133 recolant
989 1093 1127 1131 laudes
1157 1093 1290 1130 secula
1317 1098 1462 1129 cuncta
1490 1098 1576 1128 tuas
1591 1104 1602 1137 3

664 1162 802 1211 Nuper
830 1168 871 1198 vt
899 1158 1069 1209 Augusti
1097 1159 1251 1197 fuerant
1279 1156 1466 1208 preconia
1496 1157 1638 1202 Rome,

664 1225 862 1267 Concinat
890 1224 931 1263 in
960 1223 1079 1275 gestis
1109 1222 1253 1273 Anglia
1281 1223 1359 1261 leta
1388 1220 1475 1259 tuis.
1982 1234 2025 1263 40

665 1291 703 1330 O
732 1290 814 1338 tibi,
846 1304 922 1337 rex,
954 1302 1031 1328 euo
1060 1289 1186 1335 detur,
1217 1286 1439 1334 fortissime,
1471 1292 1606 1324 nostro

666 1357 829 1406 Semper
857 1357 1051 1394 honorata
1080 1360 1234 1404 sceptra
1262 1360 1396 1392 tenere
1426 1365 1571 1390 manu:

665 1422 752 1460 Stes
781 1421 835 1459 ita
864 1418 1151 1470 magnanimus,
1185 1419 1295 1468 quod
1323 1416 1390 1456 vbi
1419 1424 1486 1455 tua
1514 1428 1634 1466 regna
1662 1415 1868 1465 gubernaS,

665 1488 828 1525 Terreat
855 1486 927 1523 has
955 1490 1085 1534 partes
1114 1483 1268 1522 hostica
1296 1484 1404 1521 nulla
1433 1494 1598 1521 manus:

667 1553 822 1601 Augeat
849 1549 1067 1601 Imperium
1097 1547 1168 1587 tibi
1199 1547 1350 1587 Cristus
1380 1554 1418 1585 et
1447 1553 1588 1597 augeat
1616 1558 1754 1592 annos,

667 1618 851 1665 Protegat
879 1621 918 1653 et
947 1621 1100 1652 nostras
1128 1619 1245 1650 aucta
1272 1624 1420 1650 corona
1448 1612 1574 1649 fores:

668 1681 726 1720 Sit
754 1680 826 1718 tibi
855 1693 930 1730 pax
959 1678 1059 1725 finis,
1090 1677 1245 1716 domito
1273 1676 1489 1716 domineris
1519 1676 1559 1714 in
1589 1676 1696 1723 orbe,

669 1747 905 1794 Cunctaque
935 1743 1012 1782 sint
1041 1741 1214 1780 humeris
1243 1741 1426 1780 inferiora
1455 1740 1556 1779 tuis:

670 1810 733 1849 Sic
763 1811 892 1848 honor
920 1815 958 1847 et
986 1807 1119 1854 virtus,
1150 1808 1246 1854 laus,
1277 1805 1410 1856 gloria,
1440 1819 1516 1856 pax
1545 1818 1624 1856 que
1653 1812 1826 1856 potestas

669 1877 729 1914 Te
757 1888 836 1925 que
864 1881 977 1912 tuum
1007 1885 1171 1923 regnum
1201 1871 1452 1922 magnificare
1482 1878 1639 1921 queant.
1990 1885 2031 1916 50

724 1939 867 1980 Cordis
896 1952 1030 1978 amore
1060 1937 1142 1986 tibi,
1173 1937 1237 1989 pie
1268 1939 1365 1985 Rex,
1397 1951 1486 1976 mea
1514 1944 1607 1976 vota
1634 1936 1783 1988 paraui,

672 2008 742 2045 Est
771 2005 839 2056 qui
868 2003 1023 2044 seruicii
1051 2003 1106 2042 nil
1135 2003 1210 2042 nisi
1239 2004 1339 2042 velle
1368 2002 1489 2041 mihi:

672 2073 777 2122 Ergo
806 2078 872 2109 tue
901 2069 1009 2108 laudi
1038 2082 1116 2119 que
1144 2076 1214 2107 tuo
1242 2069 1471 2119 genuflexus
1500 2067 1642 2106 honori

670 2137 804 2175 Verba
832 2137 922 2174 1000
952 2134 1048 2173 doni
1077 2147 1227 2184 pauper
1256 2134 1441 2172 habenda
1471 2133 1552 2171 tuli.

673 2203 744 2240 Est
772 2208 906 2239 tamen
935 2199 1009 2238 ista
1037 2198 1127 2246 mei,
1158 2198 1222 2249 pie
1251 2212 1327 2246 rex,
1359 2197 1561 2237 sentencia
1589 2196 1709 2244 verbi,

674 2266 773 2305 Fine
801 2265 858 2304 tui
887 2264 996 2315 regni
1025 2263 1102 2302 sint
1131 2263 1202 2302 tibi
1231 2277 1350 2314 regna
1379 2262 1483 2314 poli!

861 2471 992 2522 aquile
1020 2472 1162 2522 pullus,
1193 2483 1274 2520 quo
1302 2482 1509 2519 nunquam
1537 2469 1688 2520 gracior
1716 2471 1827 2516 vllus,

817 2563 829 2576 .
872 2527 1023 2576 Hostes
1052 2534 1254 2586 confregit,
1285 2548 1363 2585 que
1393 2534 1585 2573 tirannica
1613 2536 1714 2573 colla
1743 2534 1907 2584 subegit.

676 2604 731 2641 H.
762 2601 894 2653 aquile
922 2601 1028 2652 cepit
1057 2603 1200 2648 oleum,
1232 2613 1312 2650 quo
1342 2613 1461 2649 regna
1488 2599 1647 2650 recepit,

677 2667 740 2706 Sic
769 2666 890 2706 veteri
918 2666 1052 2705 iuncta
1081 2664 1202 2717 stipiti
1231 2677 1337 2703 noua
1365 2664 1480 2715 stirps
1509 2663 1609 2703 redit
1637 2671 1765 2702 vncta.

612 2819 650 2849 51
679 2808 753 2849 tibi]
770 2810 851 2840 boni
867 2809 895 2840 T
1027 2818 1068 2847 52
1092 2809 1244 2848 Corpore
1261 2818 1336 2838 cum
1354 2807 1466 2847 nequii
1483 2807 1597 2838 seruio
1613 2811 1727 2837 mente
1745 2805 1803 2837 tibi
1820 2805 1849 2836 T

614 2862 833 2893 Paopmzcm.
879 2871 898 2892 2
917 2861 1001 2892 colla
1019 2860 1168 2892 CHHsT
1213 2859 1299 2891 bella
1316 2859 1340 2891 S
