2121 3173
468 209 548 249 DE
589 208 773 251 LUCIS
814 206 1161 250 SCRUTINIO
1569 217 1649 258 355

43 374 44 378 Ἰ
124 333 278 379 Incipit
305 334 518 369 tractatus
551 333 602 368 de
637 332 744 368 lucis
777 332 989 368 Serutinio
1026 340 1150 375 quam
1185 340 1211 365 a
1244 329 1313 364 diu
1345 328 1551 363 viciorum

78 393 261 434 tenebre,
287 392 544 436 prothdolor‚
577 391 850 433 suffocarunt,
875 390 1100 426 secundum
1131 388 1230 423 illud
1250 388 1293 422 in
1316 386 1551 431 euangelio,

36 469 44 503 ‚⁸
79 451 157 496 Qui
181 451 371 486 ambulat
396 451 439 485 in
465 450 653 485 tenebris
678 451 816 485 nescit
841 460 922 494 quo
947 449 1093 483 vadat.

313 543 384 578 ΕΗ,
412 530 505 580 quia
532 543 602 580 per
630 529 786 569 crebras
814 531 960 568 humus
989 537 1048 568 est
1076 528 1217 567 viciata
1245 527 1438 574 tenebras,

340 596 417 633 Vix
445 595 517 634 iter
544 597 765 633 humanum
793 596 904 634 locus
933 596 1032 633 vllus
1061 594 1182 633 habet
1211 593 1286 632 sibi
1314 594 1488 644 planum.

187 660 228 699 Si
258 662 431 699 Romam
460 673 609 710 pergas,
640 667 680 698 vt
709 659 764 698 ibi
793 667 861 698 tua
888 659 1040 698 lumina
1067 666 1204 709 tergas,

187 725 359 764 Lumina
388 725 484 763 mira
513 738 621 775 cape,
654 725 746 775 quia
777 727 907 763 Rome
937 732 1028 763 sunt
1057 726 1139 763 duo
1168 737 1270 774 pape
1287 738 1296 770 3

188 791 239 828 Et
269 790 301 828 si
329 792 416 840 plus
446 790 539 828 cleri
566 790 645 828 iam
675 791 823 829 debent
851 790 1002 828 lumina
1030 789 1151 840 queri,

187 855 270 893 Sub
300 854 437 893 modio
466 862 571 893 tecta
598 854 725 893 latitat
754 857 914 893 lucerna
942 855 1109 894 reiecta:

187 920 356 959 Presulis
387 920 515 959 officia
544 921 717 958 mundus
747 920 841 970 tegit
870 921 1021 970 absque
1050 919 1200 970 sophia,

186 987 270 1024 Stat
300 999 370 1024 sua
398 987 464 1023 lux
492 987 610 1032 nulla,
642 987 739 1024 dum
769 985 940 1024 Simonis
970 993 1029 1024 est
1057 985 1113 1023 ibi
1141 986 1249 1024 bulla
1264 999 1275 1032 3

187 1052 259 1089 Est
287 1050 359 1089 iter
387 1052 464 1089 hoc
492 1050 579 1098 vile,
610 1050 678 1101 qui
707 1051 833 1089 taliter
861 1051 978 1089 intrat
1006 1050 1121 1097 ouile‚

187 1117 274 1155 Nec
304 1116 406 1154 bene
435 1115 622 1155 discernit
650 1118 780 1155 lucem
810 1116 878 1167 qui
906 1116 1057 1155 lumina
1085 1115 1243 1166 spernit.
1457 1131 1496 1153 10

187 1179 251 1219 Sic
280 1188 399 1230 caput
428 1181 642 1218 obscurum
671 1182 722 1219 de
751 1181 939 1219 membris
968 1180 1023 1218 nil
1039 1182 1134 1220 ”fore
1163 1194 1306 1230 purum

187 1244 330 1292 Efficit,
361 1252 400 1283 et
429 1258 564 1283 secum
595 1244 650 1283 sic
679 1258 796 1283 cecus
820 1246 946 1284 habet
975 1245 1050 1284 sibi
1079 1259 1230 1284 cecum.

241 1311 322 1347 Aut
352 1308 383 1347 si
411 1308 469 1347 vis
497 1322 651 1359 gressus
681 1311 816 1357 claros,
849 1324 930 1348 non
960 1312 1059 1349 ordo
1088 1311 1287 1360 professus

187 1375 277 1412 Hos
307 1373 378 1412 tibi
406 1374 607 1424 prestabit,
639 1387 739 1424 quos
769 1375 928 1413 caucius
957 1376 1096 1413 vmbra
1123 1374 1284 1425 fugabit.

187 1437 339 1477 Ordine
367 1438 563 1476 claustrali
593 1439 837 1477 manifestius
867 1439 907 1477 in
937 1439 1096 1490 speciali

187 1505 273 1541 Lux
302 1502 357 1541 ibi
385 1503 573 1553 pallescit,
606 1516 725 1553 quam
756 1518 867 1543 mens
898 1505 1020 1554 magis
1050 1504 1186 1543 inuida
1215 1503 1363 1543 nescit:

186 1570 273 1607 Lux
302 1576 340 1607 et
369 1568 526 1607 moralis
556 1569 793 1608 tenebrescit
821 1569 1096 1620 presbiteralis,

187 1634 302 1673 Clara
331 1633 415 1672 dies
445 1634 593 1682 transit,
624 1648 698 1673 nec
728 1634 783 1673 eis
814 1637 973 1674 lucerna
1002 1634 1189 1674 remansit
1204 1650 1214 1682 3

186 1700 286 1737 Sunt
315 1699 369 1737 ibi
398 1701 569 1747 lucerne,
601 1699 723 1746 iocus,
756 1700 853 1748 ocia,
885 1708 1023 1747 scorta,
1057 1701 1231 1747 taberne,

186 1765 368 1812 Quorum
398 1765 578 1802 velamen
609 1763 718 1802 viciis
748 1766 820 1802 fert
850 1778 943 1814 sepe
972 1764 1170 1802 iuuamen.
1456 1781 1496 1802 20

185 1827 249 1865 Sic
279 1827 377 1877 perit
406 1829 631 1876 exemplum
660 1827 769 1874 lucis,
801 1842 882 1878 quo
911 1828 1069 1866 turbida
1098 1829 1292 1877 templum

186 1891 345 1929 Nebula
374 1890 557 1941 perfudit,
586 1904 663 1941 que
693 1891 843 1930 lumina
873 1905 1030 1942 queque
1059 1892 1250 1930 recludit:

186 1955 250 1994 Sic
279 1955 364 1994 vice
393 1962 596 2005 pastorum
626 1968 726 2005 quos
758 1956 910 1995 Cristus
939 1957 990 1994 ab
1019 1964 1112 1995 ante
1142 1956 1340 1994 bonorum

185 2020 362 2069 Legerat,
393 2032 486 2058 ecce
515 2020 680 2058 chorum
709 2020 844 2059 statuit
872 2020 950 2059 iam
979 2022 1153 2060 mundus
1182 2034 1330 2059 eorum.

240 2084 280 2123 Si
309 2086 375 2122 lux
403 2092 631 2135 presentum
661 2094 853 2124 scrutetur
881 2086 921 2124 in
951 2086 1046 2125 orbe
1075 2093 1291 2137 regentum,

186 2151 344 2188 Horum
374 2151 425 2188 de
453 2163 590 2200 guerra
618 2152 738 2200 pallet
767 2151 850 2190 sine
879 2151 1028 2190 lumine
1057 2158 1182 2190 terra:

186 2215 249 2252 Ne
278 2213 430 2265 periant
459 2216 575 2265 leges,
607 2215 684 2253 iam
716 2217 847 2254 Roma
875 2216 973 2266 petit
1003 2216 1077 2254 sibi
1106 2229 1226 2266 reges,

185 2281 336 2317 Noscat
365 2286 405 2317 vt
433 2279 498 2318 ille
527 2288 636 2330 pater
665 2294 742 2330 que
772 2281 820 2319 sit
849 2281 923 2319 sibi
953 2282 1113 2320 credula
1142 2289 1275 2320 mater.

185 2344 337 2383 Scisma
365 2346 647 2384 modernorum
677 2354 832 2396 patrum
861 2346 1038 2385 nouitate
1067 2348 1238 2386 duorum

186 2410 316 2459 Reges
345 2410 530 2457 delerent,
563 2410 596 2448 si
625 2411 742 2450 Cristi
770 2411 853 2449 iura
881 2411 1087 2459 viderent3
1452 2428 1496 2462 30

186 2476 274 2513 Lux
302 2474 356 2513 ita
384 2475 521 2525 regalis
551 2477 666 2515 decet
695 2477 903 2516 ecclesiam
933 2477 1124 2527 specialis,

185 2541 277 2589 Qua
305 2541 448 2579 domus
477 2542 581 2579 alma
609 2542 674 2581 dei
703 2550 861 2581 maneat
890 2543 964 2581 sub
994 2556 1063 2593 spe
1092 2541 1251 2593 requiei.

185 2605 306 2643 Teste
334 2618 577 2655 paganorum
607 2606 712 2645 bello
740 2607 908 2646 furiente
937 2609 1114 2655 deorum,

1615 533 1703 565 Nota
1739 533 1830 574 quod
1864 542 1982 564 eorum

1567 578 1707 609 lucerna
1740 577 1878 609 minime
1917 577 1984 607 ela-

1568 622 1671 654 rescit
1687 632 1772 662 quos
1788 621 1822 651 in
1839 620 1983 652 ecclesia

1569 676 1630 706 per
1655 665 1864 705 Antipapam
1891 663 1982 694 Aua-

1568 708 1983 750 riciapromotosditescit.

1568 1360 1583 1391 f
1615 1317 1665 1347 De
1677 1316 1752 1349 luce
1763 1316 1893 1348 ordInis
1904 1327 1982 1357 pro-

1582 1371 1660 1392 essr.

1611 2089 1700 2120 Nota
1710 2089 1812 2129 quod,
1821 2088 1850 2120 si
1862 2098 1980 2129 regum

1568 2132 1708 2164 lucerna
1724 2134 1757 2163 in
1780 2142 1882 2163 manu
1898 2133 1982 2163 cari-

1567 2177 1646 2208 tatis
1676 2177 1840 2208 deuocius
1870 2180 1980 2215 gesta-

1568 2225 1670 2258 retur,
1707 2219 1852 2251 ecclesia
1890 2229 1981 2250 nunc

1569 2265 1679 2295 diuisa
1705 2274 1823 2294 eorum
1852 2263 1978 2294 auxilio

1567 2307 1751 2339 discrecius
1778 2307 1981 2338 reformare-

1567 2356 1632 2393 tur,
1647 2351 1754 2382 eciam
1771 2355 1806 2381 et
1824 2351 1981 2381 incursus

1568 2404 1777 2435 paganorum
1815 2404 1834 2424 a
1876 2394 1979 2424 Cristi

1569 2439 1692 2469 finibus
1725 2447 1840 2469 eorum
1870 2438 1980 2476 probi-

1566 2486 1636 2513 tate
1664 2481 1797 2513 eminus
1828 2480 1980 2520 expelle-

1566 2530 1668 2557 retur.

126 2701 206 2733 Text
219 2701 261 2741 of
268 2701 291 2732 S
309 2701 444 2732 collated
455 2702 530 2733 with
548 2703 676 2735 CEHL

126 2753 205 2784 Title
219 2764 237 2783 2
255 2754 495 2786 Suoffocarunt
510 2754 535 2786 S

36 2839 39 2847 Γ
113 2815 150 2836 11
170 2815 327 2837 oscurum
344 2806 409 2838 CH
503 2817 542 2838 12
567 2808 682 2850 cecus]
701 2818 800 2840 secus
817 2809 844 2840 C

36 2863 39 2895 J
78 2856 222 2888 Lumina
239 2857 266 2888 L

937 2819 975 2849 15
1000 2808 1199 2841 manifestus
1216 2809 1241 2840 L
1330 2820 1372 2841 22
1397 2810 1546 2852 Nebula]

756 2926 865 2953 Aaz
