2121 3173
461 223 543 274 356

174 653 227 685 De
244 652 318 685 luce
336 663 522 694 procerum.

174 1306 226 1336 De
244 1305 318 1337 luce
342 1304 487 1336 Militum
510 1310 543 1337 et

127 1349 269 1380 aliorum
294 1350 350 1390 qui
377 1349 465 1380 bella
492 1359 542 1381 se-

129 1399 269 1433 quntur.

175 1699 227 1730 De
243 1697 318 1729 luce
332 1697 537 1738 legistarum.

166 2219 216 2250 De
224 2217 299 2250 luce
308 2217 545 2250 Mercatorum.

1106 218 1477 260 TRACTATUS

673 329 779 365 Raro
808 328 906 365 fides
935 325 1074 364 crescit
1102 324 1168 364 vbi
1198 324 1302 375 regia
1329 326 1396 363 lux
1424 324 1685 363 tenebrescit:

671 393 762 430 Hec
791 398 925 429 tamen
953 389 1150 437 audimus,
1182 397 1240 428 set
1270 397 1308 428 et
1337 391 1411 428 hec
1441 389 1643 428 verissima
1671 389 1818 429 scimus

669 457 756 494 Nec
785 455 890 505 capit
919 456 993 493 hec
1024 454 1168 494 mentis
1197 456 1336 493 oculus
1365 456 1416 493 de
1445 456 1533 493 luce
1562 454 1742 505 regentis.

668 519 841 559 Vlterius
870 533 1001 570 quere,
1033 519 1168 570 cupias
1199 519 1230 558 si
1259 522 1394 559 lumen
1424 520 1581 567 habere,

669 585 841 624 Lumina
870 599 1044 636 namque
1075 585 1209 624 Dauid
1239 585 1313 624 sibi
1343 599 1438 624 ceca
1467 584 1590 636 magis
1620 584 1802 624 titulauit.

723 650 763 689 Si
791 650 900 701 regni
929 664 1110 701 proceres
1139 650 1250 689 aliter
1278 664 1349 701 pro
1378 650 1527 689 lumine
1557 664 1709 701 queres,

667 715 815 766 Aspice
844 717 954 766 quod
983 718 1146 767 plenum
1175 729 1258 755 non
1287 723 1346 755 est
1374 716 1430 754 ibi
1458 723 1615 766 tempus
1644 729 1844 763 amenum,

668 782 858 831 Dumque
886 788 1001 831 putas
1030 788 1142 829 stare,
1173 781 1352 832 palpabis
1381 781 1464 828 iter,
1496 781 1589 831 quia
1617 783 1720 820 clare

667 847 800 884 Nemo
830 845 947 893 videt,
981 847 1143 896 quando
1171 846 1304 885 veniet
1332 840 1388 885 de
1413 845 1570 885 turbine
1598 847 1761 896 grando.

669 910 826 950 Diuicie
855 924 949 950 cece
977 912 1117 949 fallunt
1146 911 1231 950 sine
1259 911 1409 950 lumine
1439 924 1524 949 sese
1539 925 1550 959 ;

668 977 801 1025 Quam
830 976 937 1027 prius
966 976 1031 1015 ille
1060 978 1186 1024 cadat,
1218 976 1282 1015 vix
1309 975 1434 1015 cernit
1463 975 1615 1014 habens
1644 974 1711 1013 vbi
1740 977 1881 1015 vadat:

667 1040 732 1080 Sic
761 1040 823 1079 via
851 1054 988 1079 secura
1016 1054 1224 1091 procerum
1253 1054 1335 1080 non
1364 1048 1423 1080 est
1452 1040 1536 1079 sine
1565 1053 1668 1079 cura.

667 1107 783 1145 Stans
812 1108 940 1145 honor
969 1120 1016 1145 ex
1045 1120 1164 1145 onere
1193 1106 1269 1145 sibi
1297 1105 1487 1145 conuenit
1514 1113 1603 1144 acta
1631 1105 1764 1145 videre
1778 1120 1789 1155 3

668 1171 749 1221 Qui
778 1178 912 1210 tamen
941 1178 1144 1210 extentum
1173 1172 1296 1210 modo
1325 1170 1466 1209 viderit
1493 1169 1818 1221 experimentum,

670 1237 733 1275 De
761 1250 968 1287 procerum
999 1250 1112 1287 spera
1140 1250 1222 1274 non
1252 1243 1415 1286 surgunt
1444 1235 1595 1274 lumina
1623 1249 1724 1274 vera.

723 1301 764 1340 Si
793 1301 1029 1340 bellatorum
1058 1303 1188 1340 lucem
1218 1301 1422 1339 scrutabor
1449 1314 1598 1348 eorum,

670 1367 849 1405 Lucerne
878 1368 978 1405 lator
1006 1366 1240 1405 tenebrosus
1269 1367 1381 1404 adest
1409 1365 1612 1416 gladiator.

669 1432 769 1470 Sunt
797 1431 852 1469 ibi
880 1430 1061 1470 doctrina
1088 1432 1212 1478 luxus,
1243 1430 1402 1478 iactura,
1433 1430 1580 1481 rapina,

671 1497 761 1544 Que
789 1509 871 1534 non
900 1497 1153 1546 splendorem
1183 1503 1353 1545 querunt
1381 1503 1440 1534 set
1469 1496 1615 1534 habere
1644 1508 1824 1534 cruorem
1839 1509 1849 1543 3

670 1562 721 1599 Et
750 1560 805 1599 sic
833 1568 1006 1599 armatus
1035 1562 1165 1599 lucem
1194 1574 1263 1610 pre
1292 1561 1381 1599 labe
1410 1568 1539 1598 reatus

668 1626 763 1664 Non
792 1625 910 1673 videt,
941 1626 1046 1664 vnde
1075 1632 1198 1664 status
1228 1638 1321 1663 suus
1351 1632 1451 1663 errat
1480 1624 1521 1662 in
1550 1625 1645 1663 orbe
1674 1632 1868 1675 grauatus.

721 1691 761 1729 Si
790 1693 852 1729 lex
881 1698 1083 1738 scrutetur,
1115 1690 1170 1730 ibi
1199 1692 1265 1729 lux
1293 1704 1388 1729 non
1417 1690 1697 1738 inuenietur,

669 1756 778 1805 Quin
807 1756 864 1794 vis
893 1764 961 1794 aut
989 1758 1090 1795 velle
1120 1756 1179 1794 ius
1209 1755 1382 1794 concitat
1411 1769 1497 1794 esse
1527 1756 1696 1794 rebelle:

668 1822 763 1859 Non
792 1823 942 1871 populo
971 1823 1077 1860 lucet
1106 1821 1224 1860 iudex
1253 1835 1374 1872 quem
1403 1834 1633 1859 mammona
1662 1821 1793 1867 ducet,

669 1885 800 1924 Efficit
829 1893 868 1924 et
896 1899 1036 1924 cecum
1066 1900 1147 1936 quo
1176 1900 1270 1937 sepe
1298 1886 1511 1925 reflectitur
1539 1899 1670 1936 equm.

672 1953 740 1990 Ius
770 1951 854 1990 sine
883 1951 967 1990 iure
996 1953 1121 1999 datur,
1154 1951 1185 1990 si
1214 1965 1402 1990 nummus
1431 1951 1471 1989 in
1501 1964 1594 1989 aure
1620 1952 1815 2001 loquatur,

669 2016 767 2054 Auri
796 2017 1006 2067 splendore
1034 2016 1272 2056 tenebrescit
1299 2018 1434 2056 lumen
1464 2016 1505 2054 in
1534 2029 1612 2055 ore.

672 2081 814 2121 Omnis
844 2081 981 2131 legista
1008 2081 1104 2120 viuit
1134 2081 1246 2131 quasi
1275 2083 1361 2131 lege
1390 2082 1463 2120 sub
1494 2081 1578 2128 ista,

672 2147 765 2195 Quo
795 2145 918 2196 magis
948 2160 995 2184 ex
1023 2148 1132 2196 glosa
1161 2146 1280 2184 loculi
1310 2147 1352 2184 fit
1381 2147 1443 2185 lex
1472 2147 1692 2184 tenebrosa.

725 2210 765 2249 Si
795 2212 1064 2262 Mercatorum
1094 2218 1307 2260 querantur
1335 2210 1485 2249 lumina
1514 2224 1680 2257 morum,

672 2276 759 2313 Lux
787 2288 869 2313 non
898 2275 1072 2325 fulgebit,
1104 2275 1171 2313 vbi
1201 2277 1304 2313 fraus
1334 2289 1425 2314 cum
1455 2275 1543 2313 ciue
1572 2274 1759 2313 manebit.

675 2340 861 2390 Contegit
889 2354 1003 2378 vsure
1033 2339 1186 2378 subtilis
1215 2341 1341 2378 forma
1370 2342 1491 2390 figure

671 2407 838 2444 Vultum
867 2407 1072 2452 laruatum,
1105 2419 1224 2455 quem
1253 2405 1365 2444 diues
1396 2406 1537 2443 habet
1566 2404 1835 2444 similatum.

673 2470 713 2510 Si
742 2472 857 2510 dolus
887 2470 927 2508 in
956 2470 1047 2509 villa
1076 2478 1142 2508 tua
1170 2470 1294 2520 possit
1323 2470 1468 2508 habere
1498 2470 1632 2520 sigilla,

672 2536 749 2574 Vix
777 2537 919 2575 reddes
948 2537 1074 2574 clarus
1105 2536 1210 2574 bona
1239 2548 1316 2585 que
1345 2535 1417 2574 tibi
1446 2543 1592 2585 prestat
1620 2548 1761 2574 auarus
1777 2549 1788 2584 3

675 2603 726 2640 Et
755 2601 810 2640 sic
840 2601 1006 2639 maiores
1036 2602 1176 2639 fallunt
1201 2613 1417 2650 quamsepe
1447 2600 1630 2647 minores,

673 2667 792 2705 Vnde
820 2667 958 2704 dolent
987 2666 1100 2704 turbe
1129 2666 1202 2704 sub
1233 2679 1432 2703 murmure
1462 2665 1588 2715 plebis
1618 2665 1657 2703 in
1686 2665 1792 2703 vrbe.

675 2731 739 2769 Sic
768 2731 868 2769 inter
896 2731 1003 2769 ciues
1032 2738 1132 2769 errat
1161 2730 1245 2769 sine
1274 2730 1422 2769 lumine
1442 2730 1576 2777 diues,

677 2796 865 2846 Dumque
895 2797 1013 2835 fidem
1045 2795 1180 2842 nescit,
1211 2797 1276 2832 lux
1306 2794 1412 2845 pacis
1441 2796 1492 2833 ab
1522 2795 1616 2834 vrbe
1645 2793 1814 2833 recessit.

1105 2880 1148 2911 35
1173 2876 1206 2902 et
1222 2870 1301 2912 hec]
1321 2881 1380 2910 per
1393 2871 1456 2901 hee
1475 2871 1501 2901 L

1998 2020 2111 2053 60<
