2095 3173
702 212 890 252 LIBER
931 211 1173 253 SEXTUS
1596 227 1677 265 239

317 319 537 368 Expectant
567 331 645 368 que
673 319 751 357 leui
781 318 1002 356 mobilitate
1031 318 1191 357 cadunt.

316 385 456 434 Sepius
485 385 562 422 alta
591 385 696 422 cadit
724 391 934 422 ventorum
964 384 1121 422 flatibus
1150 383 1277 431 arbor,

317 450 456 488 Planta
485 450 577 487 satis
606 449 764 499 placido
794 456 1000 499 permanet
1028 456 1147 499 atque
1176 449 1322 498 gradu:
1615 465 1678 495 320

315 515 452 552 Aerias
481 515 589 564 alpes
619 514 779 552 niuibus
808 515 1047 553 candescere
1075 515 1233 561 scimus,

317 580 428 628 Quas
458 579 590 617 subito
620 586 806 629 torquent
834 579 954 628 frigus
984 587 1022 617 et
1051 592 1171 617 omne
1200 580 1315 629 gelu3

317 645 388 682 Est
407 644 472 692 ,ibi
501 651 709 683 ventorum
739 644 866 682 rabies
896 645 1110 692 senissima,
1143 645 1322 694 dumque

316 710 568 759 Temperiem
597 716 746 758 gratam
776 709 952 759 proxima
981 710 1090 748 vallis
1120 709 1250 747 habet.

315 775 380 813 Sic
409 773 521 812 vobis
551 787 770 823 numquam
801 775 945 813 desunt
973 775 1150 822 aduersa,
1183 781 1378 824 potentes,

317 839 404 877 Nec
433 852 508 888 pax
537 846 595 878 est
625 839 737 878 vobis
766 846 872 878 certa
902 852 977 878 nec
1006 840 1081 878 vlla
1110 840 1234 889 quies.

371 905 447 943 Dic
477 905 597 942 michi
627 905 817 943 diuitibus
847 906 878 943 si
908 906 1070 955 quando
1100 906 1224 943 defuit
1254 904 1404 943 hostis:

317 970 426 1018 Quin
455 971 579 1019 magis
608 971 680 1008 hos
710 977 868 1019 quassat
897 983 991 1020 sepe
1020 971 1132 1008 ruina
1159 970 1301 1020 grauis.

318 1036 411 1073 Non
441 1035 507 1073 dat
536 1048 694 1074 securos
724 1048 799 1074 nec
828 1035 925 1074 ebur
954 1049 1028 1074 nec
1056 1048 1228 1085 purpura
1256 1047 1458 1084 sompnos,

318 1102 532 1150 Paupertas
561 1101 626 1139 vili
655 1101 843 1139 stramine
873 1107 957 1139 tuta
986 1101 1114 1140 iacet:
1613 1115 1677 1146 330

318 1166 487 1204 Perdere
515 1178 595 1215 quo
624 1174 801 1215 possunt,
833 1173 989 1216 torquet
1018 1167 1135 1204 timor
1164 1165 1294 1204 omnis
1322 1176 1475 1211 auaros,

317 1232 510 1280 Vanaque
540 1232 715 1269 sollicitis
745 1232 886 1269 incutit
915 1230 1052 1269 vmbra
1081 1238 1223 1269 metus.

317 1297 414 1334 Auri
444 1309 646 1345 possessor
676 1297 859 1335 formidat
889 1309 1053 1346 semper,
1087 1304 1125 1334 et
1155 1308 1317 1334 omnem

316 1362 383 1400 Ad
411 1362 616 1411 strepitum
647 1362 749 1399 fures
780 1362 937 1399 estimat
966 1374 1052 1399 esse
1081 1373 1231 1410 prope3

317 1428 449 1474 Arma,
481 1439 634 1465 venena
662 1427 784 1473 timet,
816 1427 963 1464 furtum
993 1427 1106 1464 timet
1133 1433 1253 1475 atque
1282 1426 1452 1475 rapinas,

318 1492 523 1530 Fiduciam
554 1498 701 1530 certam
731 1492 844 1530 diues
874 1491 1020 1530 habere
1049 1491 1199 1541 nequit.

318 1558 452 1605 Hunc,
485 1558 581 1596 dum
611 1558 738 1607 querit
767 1569 874 1606 opes,
905 1557 1052 1595 cruciat
1080 1556 1304 1594 miseranda
1332 1556 1490 1605 cupido,

317 1623 421 1661 Cum
452 1623 530 1660 iam
560 1623 733 1672 quesitas
762 1623 867 1672 cepit
896 1621 1052 1669 habere,
1085 1622 1214 1660 timor.

318 1688 383 1726 Sic
411 1688 526 1738 igitur
554 1688 673 1726 miser
702 1694 772 1735 est,
804 1688 900 1726 dum
930 1700 1078 1737 pauper
1107 1687 1234 1737 querit
1263 1685 1423 1732 habere,

320 1754 372 1791 Et
401 1754 518 1791 miser
547 1760 605 1791 est
634 1753 758 1798 diues,
787 1754 951 1802 perdere
980 1753 1157 1802 dumque
1185 1753 1310 1790 timet.
1617 1767 1680 1798 340

319 1820 428 1856 Dum
457 1819 557 1856 iacet
586 1818 626 1855 in
656 1818 810 1867 plumis,
842 1819 1006 1867 vigilans
1034 1830 1147 1855 mens
1176 1829 1314 1866 aspera
1343 1817 1472 1864 sentit,

319 1884 462 1922 Feruet
492 1885 598 1921 enim
626 1883 741 1921 variis
770 1884 962 1933 exagitata
991 1883 1118 1921 dolis:

320 1949 440 1994 Dicit,
472 1948 658 1986 ‘Habere
687 1949 778 1986 volo
807 1948 924 1986 vicini
950 1948 1132 1997 pauperis
1160 1959 1310 1996 agrum,

320 2015 393 2052 Est
422 2014 568 2052 etenim
598 2026 762 2062 campus
792 2013 991 2062 proximus
1021 2014 1086 2051 ille
1115 2013 1236 2050 meis?

321 2080 385 2118 Sic
413 2080 520 2129 fugat
548 2092 571 2116 a
600 2078 786 2117 domibus
816 2079 987 2128 pupillos
1016 2079 1089 2117 iste
1117 2078 1304 2127 paternis,

321 2144 547 2194 Insequitur
574 2144 712 2182 viduas
742 2144 978 2193 iudiciisque
1005 2145 1172 2193 premit:

320 2210 483 2249 Deliciis
511 2209 648 2247 fruitur
677 2210 728 2247 de
756 2208 873 2247 rebus
903 2210 1085 2259 pauperis
1115 2209 1200 2258 iste,

320 2276 506 2324 Dampna
535 2282 593 2313 set
621 2275 779 2313 alterius
808 2282 1012 2324 computat
1041 2287 1128 2313 esse
1157 2274 1292 2312 nichil.

320 2341 361 2379 Si
389 2347 522 2389 posset
550 2340 747 2378 mundum
775 2340 926 2388 lucrari,
959 2340 1046 2389 quis
1076 2340 1174 2378 deus
1204 2346 1322 2385 esset,

320 2406 493 2443 Vlterius
521 2405 619 2443 scire
645 2405 768 2443 nollet
797 2405 837 2442 in
868 2404 963 2443 orbe
992 2405 1123 2443 deum.
1615 2419 1680 2450 350

375 2470 512 2517 Iudex,
544 2483 678 2509 nonne
707 2470 763 2508 tui
792 2470 919 2520 fulgor
947 2470 1017 2508 tibi
1048 2470 1189 2508 sufficit
1218 2469 1313 2515 auri,

321 2537 375 2573 Vt
403 2541 532 2573 careat
559 2535 733 2574 tenebris
764 2548 877 2574 mens
906 2542 974 2573 tua
1003 2547 1097 2572 ceca
1126 2534 1232 2572 tuis?

320 2600 534 2649 Aproprias
562 2613 700 2638 aurum
730 2599 802 2639 tibi
831 2600 966 2646 fertile,
999 2611 1074 2637 nec
1103 2605 1237 2636 tamen
1266 2609 1454 2647 vmquam

321 2666 387 2703 Ad
416 2665 587 2704 sterilem
615 2666 735 2703 vitam
764 2666 924 2715 respicis
954 2665 1039 2714 ipse
1067 2671 1186 2702 tuam.

324 2730 485 2769 Iusticie
513 2736 669 2768 montes
700 2730 826 2769 Iudex
855 2731 918 2768 vix
947 2730 1069 2768 ardua
1098 2741 1218 2778 purus

323 2795 495 2841 Scandit‚
526 2795 623 2833 dum
652 2795 792 2833 mundi
820 2795 937 2833 rebus
967 2800 1132 2832 onustus
1162 2793 1243 2831 erit.

27 1875 36 1953 “flkfflz'z
27 1849 29 1852 “
28 1808 29 1813 ⁴
16 1753 36 1780 ἶῖ
18 1728 22 1744 '
18 1668 37 1711 A->j
27 1609 30 1619 ⁸
27 1562 37 1578 ..⁴

279 2882 343 2912 344
367 2871 493 2911 campis
509 2870 536 2902 C
555 2870 668 2912 (corr.)
811 2880 874 2911 353
898 2870 1088 2910 Aproprias
1106 2868 1160 2899 SC
1216 2868 1431 2909 Approprias
1448 2866 1612 2899 EHGDL
