2095 3173
446 242 521 281 118
914 237 1044 278 VOX
1085 235 1444 278 CLAMANTIS

553 348 661 385 Num
690 346 769 385 dici
799 345 978 383 medicus
1007 343 1152 382 debeat
1180 343 1265 392 ipse
1293 344 1413 380 tuus?

551 414 659 451 Num
691 412 807 450 decet
837 416 904 448 aut
933 409 1135 447 medicum
1165 407 1306 446 morbo
1336 407 1602 457 superaddere
1631 406 1826 453 morbum,

551 479 645 526 Quo
674 476 770 525 fugit
800 474 963 513 interius
992 473 1148 523 longius
1178 473 1263 522 ipsa
1292 472 1426 511 salus?

552 544 647 580 Hoc
676 547 834 590 experta
863 540 982 578 docet
1011 546 1160 586 natura,
1192 539 1301 588 quod
1331 538 1461 577 omnis
1491 537 1531 575 in
1561 535 1657 576 orbe

552 608 643 656 Qua
672 606 796 656 magis
826 605 1013 652 infirmor,
1045 611 1103 643 est
1133 604 1333 643 medicina
1362 604 1476 642 mala.
1848 617 1914 649 400

553 673 666 721 Quos
696 683 874 721 reperare
904 671 1019 709 decet
1048 683 1199 720 pacem,
1230 670 1262 708 si
1291 669 1395 708 bella
1423 670 1686 719 frequentent,

555 737 702 776 Nescio
731 749 813 786 quo
842 737 949 786 pacis
978 743 1086 774 tutus
1116 736 1214 774 inire
1242 735 1358 774 viam.

553 803 708 841 Dicitur
736 809 776 840 vt
806 802 962 840 fortuna
991 802 1045 839 rei
1075 801 1126 840 de
1154 801 1235 839 fine
1264 807 1433 847 notatur,

555 868 693 907 Rebus
722 874 761 906 et
790 867 830 905 in
860 866 992 905 dubiis
1022 867 1147 905 exitus
1175 873 1263 903 acta
1291 865 1456 915 probat:

555 934 694 982 Qualis
725 933 795 972 erit
826 933 926 979 finis,
958 944 1026 971 seu
1057 944 1135 982 que
1164 931 1321 969 fortuna
1350 938 1537 981 sequetur

557 1001 605 1037 In
635 999 728 1038 cleri
759 998 871 1038 bellis
901 999 974 1037 scit
1003 997 1127 1048 magis
1157 997 1241 1047 ipse
1270 996 1380 1035 deus.

492 1134 569 1168 Hic
592 1133 776 1178 loquitur
798 1133 978 1177 qualiter
1000 1133 1136 1168 clerus
1160 1133 1202 1166 in
1227 1141 1369 1166 amore
1394 1131 1460 1167 dei
1478 1132 1521 1166 et
1545 1129 1726 1175 proximi
1751 1129 1919 1165 deberet

446 1193 539 1237 pius
558 1195 600 1228 et
617 1192 790 1237 paciens
808 1192 990 1227 existere
1009 1193 1051 1227 et
1067 1202 1154 1226 non
1172 1191 1406 1225 bellicosus.

317 1272 445 1318 Capm.
468 1269 531 1307 vii.
617 1268 781 1317 Semper
811 1267 850 1304 in
879 1266 1055 1305 aduersis
1084 1273 1143 1305 est
1171 1266 1291 1304 virtus
1321 1265 1457 1312 maior,
1488 1271 1526 1303 et
1555 1276 1648 1303 ecce

557 1335 712 1372 Lumen
742 1333 783 1371 in
812 1332 984 1371 obscuro
1013 1332 1154 1370 clarius
1184 1343 1270 1369 esse
1300 1331 1411 1369 solet.

557 1399 704 1437 Nobile
733 1398 921 1437 vincendi
948 1410 1074 1448 genus
1104 1403 1163 1436 est
1192 1396 1419 1447 paciencia3
1458 1395 1579 1434 vincit

557 1465 637 1513 Qui
666 1464 836 1514 patitur3
873 1464 905 1502 si
935 1464 991 1501 vis
1021 1464 1188 1510 vincere,
1221 1463 1330 1501 disce
1359 1462 1451 1511 pati.
1853 1476 1920 1506 410

558 1530 738 1579 Armiger
767 1529 851 1579 ipse
880 1535 971 1567 tuus
1001 1535 1039 1567 et
1069 1528 1228 1578 signifer
1258 1534 1316 1566 est
1346 1527 1417 1566 tibi
1448 1526 1613 1572 Cristus,

557 1596 597 1634 Si
626 1595 791 1645 simplex
821 1594 938 1633 fueris
969 1601 1007 1632 et
1035 1594 1235 1643 pacienter
1263 1605 1366 1642 agas.

557 1662 665 1699 Ense
708 1672 841 1707 manu,
873 1660 1019 1707 iaculis,
1050 1659 1135 1697 aliis
1165 1670 1339 1708 pugnare
1368 1657 1536 1703 iubetur,

558 1727 643 1764 Nos
673 1738 847 1775 pugnare
877 1725 966 1771 fide,
998 1736 1080 1773 spe,
1111 1724 1256 1773 pietate
1286 1723 1413 1761 decet.

558 1792 606 1829 In
636 1803 794 1829 seruum
825 1790 977 1829 domini
1008 1789 1129 1827 nichil
1158 1789 1283 1827 hostis
1312 1788 1405 1826 iuris
1435 1787 1610 1833 habebit,

558 1857 710 1896 Ordine
740 1862 895 1894 seruato
924 1867 1042 1893 causa
1071 1853 1220 1892 fauebit
1249 1854 1309 1892 ei:

558 1923 622 1960 Sic
651 1934 743 1959 cum
773 1920 962 1959 doctrinis
991 1920 1110 1958 fueris
1139 1919 1361 1968 completus
1390 1917 1578 1964 honestis,

558 1988 676 2025 Tunc
704 1987 840 2025 hostes
869 1986 1016 2036 poteris
1046 1986 1139 2024 inde
1168 1985 1301 2034 fugare
1330 1991 1430 2022 tuos.

558 2053 612 2089 Vt
642 2052 693 2089 sis
723 2051 902 2090 sublimis
932 2051 1080 2090 meritis
1109 2050 1310 2088 accinctus
1340 2050 1379 2087 in
1409 2049 1554 2095 hostes,

560 2117 757 2166 Scripture
786 2116 922 2154 iaculis
952 2116 1104 2154 hostica
1133 2116 1210 2153 tela
1239 2115 1361 2163 fugas.
1856 2130 1921 2160 μα

563 2183 637 2220 Pro
667 2180 782 2219 nobis
812 2188 960 2230 pugnet
988 2182 1128 2218 Ysa'ias
1157 2192 1249 2216 cum
1279 2179 1457 2225 Ieremia,

561 2246 664 2285 Cum
696 2246 864 2283 Daniele
894 2245 1019 2291 Iohel,
1050 2257 1142 2282 cum
1173 2244 1356 2282 Samuele
1386 2243 1544 2290 Dauid3

561 2313 642 2349 Lex
672 2311 876 2361 euangelii,
908 2323 983 2349 vox
1012 2311 1135 2356 Pauli,
1166 2322 1295 2347 sermo
1324 2309 1527 2359 prophete,

562 2379 659 2415 Tres
689 2377 810 2414 michi
840 2383 930 2414 sunt
960 2383 1091 2422 testes,
1123 2382 1257 2413 nostra
1288 2381 1364 2413 stat
1393 2375 1498 2413 vnde
1528 2375 1645 2413 salus.

616 2442 774 2491 Cogitat
804 2453 897 2480 ecce
927 2441 1061 2479 Dauid
1091 2441 1255 2479 domino
1285 2439 1460 2486 fundare,
1493 2447 1551 2478 set
1580 2440 1690 2478 audit

566 2508 601 2544 A
630 2507 806 2553 domino,
838 2506 1042 2556 templum,
1077 2507 1194 2543 ‘Non
1225 2505 1435 2543 fabricator
1466 2505 1564 2543 eris:

564 2572 618 2610 Es
648 2573 703 2610 vir
733 2572 982 2621 sanguineus,
1013 2571 1104 2609 ideo
1134 2570 1297 2619 dignum
1327 2570 1447 2607 michi
1476 2570 1669 2619 templum

564 2638 762 2686 Sanguine
791 2637 945 2675 sedatus
975 2644 1017 2674 tu
1047 2635 1236 2674 fabricare
1266 2635 1431 2684 nequis)

565 2703 773 2751 Sanguinis
804 2702 957 2749 effusor,
988 2702 1231 2751 amplectens
1260 2700 1423 2738 crimina
1452 2701 1604 2746 mundi,

564 2768 624 2805 Ex
654 2767 766 2806 bellis
796 2768 989 2817 templum
1019 2779 1100 2805 non
1129 2766 1231 2804 valet
1260 2778 1345 2803 esse
1375 2766 1463 2805 dei:
1856 2765 1924 2813 430¹

566 2833 743 2871 Ecclesie
774 2839 909 2871 sancte
939 2833 1025 2871 talis
1055 2844 1136 2870 non
1166 2831 1276 2880 erigit
1306 2831 1434 2878 edem,

886 2918 946 2947 401
967 2917 1126 2948 seperare
1144 2906 1168 2937 S
1215 2915 1375 2946 reparare
1393 2904 1486 2936 CED
