2095 3173
370 249 446 287 168

833 246 963 288 vox
1004 221 1362 287 CLAMANTIS

475 354 545 392 Est
575 354 668 392 dare
698 365 771 391 nec
801 365 969 390 vacuum
999 359 1134 390 ventre
1164 359 1341 390 tumente
1371 353 1515 390 locum.

528 418 710 456 Pluribus
740 431 786 455 ex
816 416 943 454 causis
972 418 1193 455 monachus
1222 416 1343 455 vitare
1373 417 1515 455 Lieum

475 483 616 529 Debet,
649 496 694 521 ex
724 488 782 519 est
811 494 898 527 vna,
930 494 980 520 ne
1010 494 1101 520 caro
1131 489 1264 531 stupra
1293 489 1427 531 petat3

475 549 561 586 Nec
592 548 697 585 bona
726 547 966 584 confratrum
995 553 1130 593 vastet,
1162 560 1236 585 nec
1266 546 1306 584 in
1335 547 1526 585 ebrietate

477 612 676 659 Desideat,
708 625 782 650 nec
812 624 859 650 eo
889 611 1130 650 febricitetur
1158 613 1291 650 homo.

474 680 662 716 Attamen
692 677 776 727 ipse
805 676 926 715 nichil
955 684 1074 724 curat,
1108 676 1203 727 quin
1233 678 1356 727 replet
1384 676 1503 716 inane

476 744 642 793 Corpus,
674 750 712 781 et
741 749 799 780 est
826 741 958 780 anime
987 742 1186 780 cotidiana
1214 743 1348 781 fames.

476 809 595 847 Nunc
624 807 764 846 niueus
794 806 906 857 panis
935 807 1142 845 monachis
1171 807 1394 858 subtileque
1424 807 1560 845 vinum

476 874 527 911 Et
556 886 692 912 carnes
721 874 820 911 festa
849 871 1049 910 cotidiana
1078 880 1244 922 parant,-

474 940 595 977 Nunc
624 951 743 977 cocus
774 951 867 976 ecce
896 937 1042 987 coquit,
1074 945 1188 984 assat,
1219 939 1322 988 gelat
1351 945 1471 987 atque
1501 937 1673 984 resoluit,

476 1005 526 1041 Et
556 1003 644 1042 terit
673 1011 711 1042 et
741 1002 903 1053 stringit,
935 1004 1038 1041 colat
1068 1010 1106 1041 et
1135 1010 1222 1041 acta
1250 1003 1403 1052 probat.

475 1068 514 1107 Si
544 1069 687 1119 poterit
716 1069 936 1107 monachus
965 1074 1142 1106 ventrem
1172 1081 1343 1106 crassare
1371 1069 1548 1118 gulosus,

478 1134 534 1172 Sit
563 1134 674 1173 labor
702 1142 743 1172 vt
772 1133 889 1172 sacris
920 1133 974 1170 nil
1003 1140 1115 1183 putat
1144 1146 1229 1171 esse
1258 1133 1393 1171 libris:

479 1199 713 1250 Despiciens
742 1212 889 1237 manna
917 1198 1029 1248 plebs
1058 1198 1132 1236 ista
1159 1198 1288 1248 nigras
1317 1198 1415 1249 petit
1444 1199 1553 1245 ollas,

478 1265 666 1315 Preponit
695 1264 796 1302 vicia
825 1263 1001 1302 moribus
1030 1271 1150 1313 atque
1180 1277 1260 1302 sua.

478 1332 542 1369 Ne
571 1343 768 1368 macerare
797 1330 920 1367 fames
950 1342 1101 1367 crassos
1131 1336 1259 1379 queat,
1292 1342 1342 1367 en
1371 1330 1462 1379 gula
1490 1330 1609 1379 plene

480 1398 731 1446 Languentes
761 1395 988 1433 stomachos
1017 1393 1162 1433 ventris
1192 1393 1319 1432 amica
1348 1395 1498 1444 replet:

482 1460 590 1510 Quid
620 1460 669 1498 sit
697 1459 881 1498 honorari
911 1459 1047 1506 nescit,
1078 1466 1137 1498 set
1165 1466 1299 1498 ventre
1330 1459 1446 1507 beari,

482 1528 586 1573 Hoc,
618 1525 713 1564 dicit
742 1526 973 1572 monachus,
1005 1532 1064 1563 est
1092 1524 1165 1571 via,
1195 1524 1284 1571 vita,
1317 1526 1431 1562 salus.

482 1592 717 1630 Accelerans
747 1589 864 1628 currit
893 1589 983 1636 cito,
1014 1603 1106 1628 curn
1136 1591 1311 1639 pulsatur
1339 1591 1390 1628 ad
1419 1591 1551 1637 ollam,

482 1655 645 1695 Preterit
673 1669 696 1694 a
724 1668 862 1694 mensa
890 1654 992 1693 mica
1021 1668 1094 1693 nec
1124 1668 1200 1692 vna
1229 1654 1303 1693 sibi
1319 1669 1328 1702 3

482 1723 549 1760 Set
578 1722 680 1771 pede
710 1719 928 1771 spondaico
956 1721 1085 1758 lentus
1115 1721 1165 1758 de
1195 1727 1312 1759 nocte
1342 1733 1557 1771 resurgens,

483 1787 586 1826 Cum
616 1785 722 1823 venit
751 1787 802 1824 ad
831 1786 979 1832 laudes,
1011 1784 1169 1823 Vltimus
1199 1798 1284 1823 esse
1313 1785 1421 1835 petit.

538 1850 699 1890 Ordinis
729 1850 769 1888 in
799 1850 926 1900 primo
955 1849 1162 1888 monachis
1192 1851 1335 1888 domus
1363 1857 1475 1888 antra
1503 1851 1620 1897 fuere,

482 1918 666 1965 Aulaque
694 1928 801 1954 nunc
830 1914 987 1965 grandis
1017 1914 1222 1953 marmoris
1252 1922 1365 1953 ornat
1394 1929 1485 1954 eos:

484 1983 605 2019 Nulla
633 1980 805 2031 coquina
834 1979 908 2018 sibi
938 1981 1062 2019 fuerat
1090 1981 1256 2028 fumosa,
1288 1994 1361 2019 nec
1391 1980 1481 2031 igne

485 2045 685 2085 Deliciosa
713 2058 833 2084 cocus
862 2053 976 2083 cocta
1004 2047 1065 2084 vel
1093 2059 1181 2084 assa
1209 2045 1297 2084 tulit
1313 2061 1323 2094 3

484 2112 578 2149 Non
608 2110 720 2149 cibus
749 2118 935 2149 excoctus
964 2123 1095 2160 neque
1124 2112 1270 2149 fercula
1299 2124 1415 2149 carne
1444 2123 1609 2161 repensa

485 2178 533 2214 In
562 2175 689 2226 primo
718 2175 924 2214 monachis
952 2182 1130 2225 ternpore
1159 2189 1288 2213 crassa
1316 2177 1493 2223 dabant3

486 2240 672 2290 Corporis
701 2239 894 2290 ingluuies
924 2239 1075 2278 animas
1104 2253 1185 2278 non
1215 2240 1354 2290 pressit
1383 2254 1531 2287 eorum,

484 2306 570 2344 Nec
599 2306 788 2344 calefacta
816 2318 906 2343 caro
936 2304 1078 2343 callida
1106 2312 1240 2355 stupra
1267 2305 1391 2356 petit:

482 2372 684 2420 Vesteque
713 2369 877 2420 pellicea
906 2383 977 2407 sua
1005 2383 1169 2420 corpora
1197 2371 1305 2408 nuda
1333 2370 1529 2420 tegebant,

486 2435 566 2485 Qui
596 2437 719 2474 modo
748 2436 799 2474 de
828 2436 918 2473 lana
947 2434 1104 2473 mollius
1133 2434 1218 2486 ipsa
1246 2442 1409 2485 tegunt:

484 2500 624 2538 Herba
653 2500 773 2540 dabat
802 2499 960 2547 victum,
993 2501 1081 2538 fons
1111 2507 1260 2550 potum,
1293 2507 1487 2550 turpeque
1516 2507 1665 2538 vestem

485 2564 680 2613 Cilicium,
711 2579 785 2604 nec
816 2579 864 2604 eo
893 2572 1070 2616 ternpore
1099 2578 1275 2602 murmur
1304 2572 1395 2603 erat.

483 2631 578 2668 Non
608 2638 688 2669 erat
717 2630 865 2669 invidia
894 2629 1108 2669 claustralis
1137 2637 1232 2668 tunc
1261 2644 1392 2680 neque
1421 2644 1569 2681 pompa
1583 2645 1595 2679 3

484 2695 564 2743 Qui
594 2697 719 2734 fuerat
749 2695 883 2743 maior,
916 2694 1034 2734 seruit
1065 2702 1105 2732 vt
1134 2694 1217 2745 ipse
1246 2695 1398 2733 minor:

485 2760 579 2797 Non
608 2768 689 2798 erat
717 2760 865 2810 argenti
895 2761 1052 2810 pondus
1081 2773 1211 2809 neque
1240 2759 1407 2798 circulus
1436 2760 1530 2808 auri,

486 2824 576 2872 Que
605 2833 785 2875 poterant
814 2833 994 2864 sanctum
1024 2832 1118 2863 tunc
1148 2824 1292 2863 violare
1322 2832 1491 2863 statum:

671 2912 711 2941 72
736 2913 813 2933 esse
831 2902 889 2934 SG
936 2902 1011 2942 ipse
1028 2901 1191 2932 CEHDL
1325 2911 1366 2942 79
1390 2903 1472 2933 dum
1491 2902 1549 2933 CE

1796 357 1839 388 60

1800 1659 1842 1690 80

1800 2322 1844 2353 90
