1970 3178
369 226 395 252 2
955 209 1259 250 EPISTOLA

371 318 493 365 Hinc,
523 324 643 367 pater,
675 329 805 364 exoro,
837 317 1036 366 scripturis
1067 317 1244 366 dumque
1273 315 1422 363 laboro,

368 383 435 421 Ad
465 383 641 432 requiem
671 382 843 420 mentis
873 382 1081 418 animam
1113 381 1298 430 dispone
1327 381 1546 429 studentis;

368 449 533 498 Semper
562 448 726 497 speraui,
759 458 837 496 que
867 445 1018 496 patrem
1047 452 1086 483 te
1117 458 1272 495 semper
1300 447 1443 492 amaui,

368 514 472 562 Quo
502 514 644 551 michi
675 513 831 550 finalis
860 518 940 550 tua
969 512 1126 561 gracia
1156 512 1215 549 sit
1246 512 1485 561 specialis.

368 578 504 616 Nunc
534 579 642 627 quia
673 577 859 615 diuisus
890 589 1018 615 meus
1051 583 1121 614 est
1150 589 1171 614 a
1202 589 1394 626 corpore
1425 577 1568 624 visus,

367 644 463 681 Lux
493 649 571 681 tua
602 655 691 692 que
721 643 848 680 lucet
877 642 1033 680 anime
1062 643 1265 692 vestigia
1295 643 1449 690 ducet,

366 709 549 758 Corpus
579 715 622 746 et
652 714 875 757 egrotum,
906 714 1040 746 vetus
1071 714 1115 745 et
1145 707 1420 746 miserabile
1449 714 1611 754 totum,

367 774 434 812 Ne
464 772 787 821 conturbetur,
818 779 862 811 te
892 773 1148 811 defensore
1178 774 1397 822 iuuetur3

366 839 422 876 Et
452 839 518 876 sic
548 839 786 877 viuentem
817 844 980 876 custos
1011 838 1149 875 simul
1179 846 1221 876 et
1252 839 1531 877 morientem

364 904 563 953 Suscipe
592 916 662 942 me
691 916 854 942 cecum
883 910 960 941 tua
989 916 1069 952 per
1098 904 1318 953 suffragia
1346 910 1514 942 tecum.

365 969 462 1006 Lux
491 975 570 1006 tua
599 981 787 1007 morosa
816 968 873 1007 de
903 969 1051 1017 stirpe
1080 969 1260 1006 micans
1289 980 1519 1018 generosa

363 1034 572 1072 Condita
601 1034 690 1072 sub
719 1034 880 1072 cinere
910 1047 1004 1072 non
1035 1034 1179 1073 debet
1210 1034 1254 1071 in
1286 1033 1399 1072 orbe
1428 1035 1587 1073 latere.

417 1099 548 1139 Claret
577 1099 796 1138 Arundella
825 1099 936 1149 quasi
968 1099 1034 1137 Sol
1063 1100 1114 1138 de
1143 1100 1230 1138 luce
1261 1100 1429 1147 nouella,

362 1164 454 1212 Que
482 1171 521 1202 te
550 1164 745 1213 produxit,
777 1176 855 1214 que
884 1171 923 1202 te
951 1165 1057 1214 prius
1087 1164 1206 1203 vbere
1235 1164 1372 1203 succit.

363 1231 416 1268 Es
446 1230 539 1279 quia
568 1236 674 1268 totus
706 1230 796 1267 Mas
828 1230 1008 1267 vocitaris
1039 1230 1190 1279 origine
1220 1230 1410 1276 Thomas,

359 1295 480 1333 Vnde
509 1295 586 1333 deo
617 1302 722 1333 totus
753 1295 804 1332 sis
834 1295 884 1333 ab
915 1295 1025 1333 omni
1056 1294 1145 1333 labe
1175 1302 1376 1343 remotus3

361 1360 412 1398 Et
441 1360 497 1397 sic
526 1360 698 1409 prelatus
729 1372 835 1398 nunc
865 1360 982 1399 Cristi
1012 1361 1098 1410 lege
1127 1367 1301 1398 sacratus

361 1426 508 1475 Legem
538 1438 763 1472 conseruas,
797 1438 875 1475 qua
904 1433 943 1464 te
973 1426 1057 1464 sine
1086 1425 1176 1464 labe
1205 1438 1390 1464 reseruas.

359 1492 443 1529 Stat
473 1491 595 1529 modo
626 1503 762 1529 secura
791 1498 858 1529 tua
887 1492 974 1539 lux,
1007 1492 1092 1529 sine
1121 1492 1286 1530 crimine
1314 1504 1422 1540 pura,

359 1556 599 1606 Claraque
629 1557 842 1605 lucescit,
875 1557 1001 1606 quod
1031 1569 1127 1595 eam
1160 1557 1225 1594 nil
1255 1563 1392 1606 turpe
1421 1557 1673 1607 repressit:

358 1622 503 1671 Anglia
532 1623 683 1669 letetur,
716 1622 874 1661 lumen
905 1623 1015 1672 quia
1041 1623 1135 1660 tale
1164 1628 1382 1669 meretur,

358 1687 453 1735 Quo
481 1686 584 1726 bene
615 1688 793 1726 viuentes
823 1694 890 1726 tua
920 1689 997 1726 sint
1027 1688 1208 1737 exempla
1237 1693 1459 1737 sequentes.

358 1753 433 1790 Per
462 1758 500 1790 te
530 1752 718 1790 succedet
746 1764 859 1790 amor
887 1753 1028 1800 omnis,
1061 1759 1100 1791 et
1129 1752 1184 1790 ira
1213 1751 1383 1798 recedet,

355 1815 520 1866 Subque
549 1823 616 1854 tua
645 1829 738 1855 cura
769 1824 860 1855 sunt
890 1830 1076 1867 prospera
1106 1823 1249 1855 cuncta
1278 1817 1430 1855 futura:

357 1882 408 1919 Et
437 1882 530 1931 quia
559 1882 614 1920 sic
644 1883 767 1920 creuit
796 1889 863 1920 tua
892 1883 969 1929 lux,
1001 1889 1225 1932 terramque
1253 1882 1432 1931 repleuit,

357 1947 436 1985 Det
466 1947 563 1985 deus
594 1954 633 1985 vt
662 1948 749 1985 talis
779 1947 850 1985 tibi
881 1948 946 1985 lux
977 1948 1024 1986 sit
1055 1948 1303 1997 perpetualis.

356 2013 448 2051 Hec
478 2012 620 2051 Gower
649 2013 788 2063 querit,
821 2013 889 2063 qui
918 2020 1009 2051 tuus
1037 2020 1096 2052 est
1125 2019 1164 2051 et
1194 2014 1277 2052 erit.

1797 788 1838 819 30

1791 1441 1834 1473 40
