2095 3173
693 222 881 264 LIBER
921 221 1207 272 QUINTUS
1604 234 1684 271 203

326 331 444 369 Flens
473 331 582 377 risus,
615 330 747 368 ridens
778 330 903 376 fletus,
936 329 1079 366 modus
1109 327 1390 373 immoderatus,

326 398 496 435 Hostilis
526 409 668 444 soclus,
700 396 824 434 hostis
855 402 893 433 et
923 395 1006 444 ipse
1036 395 1135 443 pius,
1644 398 1686 427 60

327 462 527 500 Instabilis
557 461 796 508 constancia,
829 461 929 498 velle
958 459 1114 509 sibique
1143 470 1379 508 repugnans,

326 529 423 577 Spes
453 527 527 566 sibi
557 527 770 576 desperans
800 533 838 563 et
867 525 1046 563 dubitata
1076 524 1187 568 fides,

326 592 485 630 Albedo
515 592 633 641 nigra,
666 591 828 641 nigredo
858 590 1077 639 splendida,
1110 589 1268 638 melque

327 659 440 704 Acre,
473 669 550 706 que
580 656 631 694 fel
661 655 856 705 sapidum,
889 667 1020 692 carcer
1048 666 1191 691 amena
1220 653 1361 699 ferens,

383 721 629 760 Irracionalis
659 721 773 766 racio,
807 720 999 758 discrecio
1029 719 1157 765 stulta,

326 786 550 836 Ambiguus
581 786 708 833 iudex,
742 785 888 822 inscius
918 797 1038 822 omne
1068 791 1221 833 putans,

329 854 560 901 Numquam
593 852 768 901 digestus
798 850 911 888 cibus
941 858 979 887 et
1009 861 1164 898 semper
1193 847 1419 886 sitibundus

332 919 465 964 Potus,
497 917 680 955 mentalis
710 916 898 954 insaciata
927 916 1061 962 fames,

330 983 442 1019 Mors
471 982 620 1027 vinens,
652 981 731 1019 vita
761 981 947 1027 moriens,
977 979 1174 1017 discordia
1203 991 1380 1024 concors,

331 1047 496 1086 Garrula
525 1060 648 1093 mens,
681 1053 814 1083 mutus
844 1057 983 1092 sermo,
1016 1051 1166 1082 secreta
1195 1043 1325 1090 febris,
1653 1056 1693 1088 ῖς)

332 1113 573 1162 Prosperitas
604 1124 761 1161 pauper,
795 1118 1002 1160 paupertas
1033 1122 1229 1159 prospera,
1261 1109 1444 1158 princeps

333 1180 488 1225 Ser'uus,
521 1178 653 1227 regina
682 1177 851 1223 subdita,
885 1189 949 1214 rex
979 1183 1017 1213 et
1047 1187 1177 1225 egens,

336 1244 465 1281 Ebrea
495 1244 696 1289 sobrietas,
728 1243 894 1280 demens
923 1241 1152 1288 clemencia,
1184 1246 1320 1289 portus

334 1309 445 1356 Cille,
477 1309 661 1358 pestifera
690 1320 792 1353 cura,
825 1307 960 1345 salutis
990 1307 1084 1343 iter:

334 1374 553 1411 Mulcebris
582 1373 720 1423 anguis
749 1385 861 1410 amor
889 1379 958 1418 est,
989 1384 1089 1420 agna
1118 1371 1236 1417 ferox,
1268 1370 1331 1408 leo
1361 1369 1475 1414 mitis,

334 1440 540 1488 Ancipiter
568 1439 737 1488 pauidus
766 1444 886 1487 atque
916 1436 1102 1474 columba
1132 1448 1259 1484 rapax,

337 1505 535 1542 Infatuata
565 1504 671 1541 scola
702 1503 872 1541 reddens
902 1502 1024 1550 magis
1054 1502 1289 1538 infatuatum

337 1570 599 1619 Discipulum,
631 1569 742 1606 cuius
773 1581 885 1606 mens
915 1568 1047 1605 studet
1076 1568 1169 1605 inde
1198 1566 1333 1615 magis.

276 1724 352 1759 Hie
392 1725 593 1759 describit
631 1725 810 1759 formam
849 1723 1035 1758 mulieris
1075 1722 1277 1766 speciose,
1313 1732 1364 1756 ex
1398 1721 1515 1755 cuius
1548 1730 1697 1754 concu-

228 1785 439 1828 piscencia
467 1784 700 1827 illaqueata
728 1783 906 1816 militum
933 1781 1062 1816 corda
1087 1781 1273 1815 racionis
1300 1780 1451 1814 iudicio
1477 1779 1697 1823 sepissime

230 1843 523 1877 destituuntur.

104 1926 233 1973 Capm.
255 1924 305 1960 iii.

397 1923 500 1961 Cum
530 1921 698 1971 pauidus
727 1921 888 1957 miratur
915 1932 1052 1956 amans
1081 1918 1254 1956 candore
1284 1918 1484 1967 repletam,

341 1989 388 2026 In
418 1988 529 2025 cuius
559 1988 658 2024 facie
687 1993 762 2024 stat
792 1985 911 2023 rubor
940 1985 1004 2022 ille
1034 1997 1132 2031 rose,
1657 1991 1697 2019 80

339 2054 550 2102 Aurigeros
580 2053 719 2098 crines,
750 2064 863 2089 aures
893 2051 1045 2100 patulas
1076 2050 1307 2096 mediocres,

341 2119 556 2156 Planiciem
587 2119 739 2165 frontis,
769 2129 847 2166 que
878 2117 975 2153 nitet
1004 2115 1094 2153 alba
1123 2116 1225 2161 satis,

342 2182 613 2233 Impubesque
641 2195 773 2232 genas,
806 2182 943 2219 oculos
974 2181 1041 2230 qui
1071 2180 1164 2217 solis
1194 2180 1245 2217 ad
1275 2180 1394 2217 instar

342 2250 505 2295 Lucent,
538 2255 576 2286 et
605 2247 755 2286 stabilis
785 2247 914 2284 vultus
944 2246 1128 2283 honestat
1158 2257 1238 2291 eos,

343 2315 495 2352 Nasum
524 2314 717 2352 directum
748 2324 941 2361 naresque
970 2312 1158 2349 decenter
1186 2317 1351 2359 apertas,

344 2379 550 2428 Labraque
579 2379 776 2426 melliflua,
809 2379 948 2426 fragrat
978 2384 1016 2414 et
1046 2376 1122 2413 oris
1151 2375 1261 2421 odor,

345 2445 517 2493 Equales
546 2444 646 2481 lacte
677 2443 750 2481 sibi
781 2443 921 2481 dentes
951 2441 1213 2487 candidiores,

344 2510 396 2546 Et
425 2509 590 2546 formam
620 2509 742 2546 menti
771 2506 1047 2545 conuenientis
1076 2505 1136 2552 εἰς

344 2575 539 2624 Splendor
567 2582 605 2612 et
633 2587 656 2612 a
685 2574 784 2612 facie
813 2574 880 2611 dat
910 2573 1084 2610 eburnea
1113 2571 1214 2608 colla
1244 2570 1379 2616 nitere,

345 2641 514 2677 Gutture
543 2639 698 2677 cristalli
728 2638 1023 2677 concomitante
1054 2636 1139 2682 sibi,
1662 2648 1704 2681 90

348 2707 398 2743 Et
428 2705 520 2742 niue
548 2705 754 2742 candidior
783 2704 880 2742 nitet
910 2703 993 2741 eius
1024 2708 1183 2750 pectore
1213 2700 1374 2746 candor,

345 2770 527 2808 Candida
556 2782 674 2819 poma
703 2770 765 2807 cui
796 2775 887 2806 sunt
916 2768 997 2806 duo
1027 2767 1101 2803 fixa
1130 2765 1252 2815 quasi.

849 2887 889 2916 73
916 2875 1017 2907 Ebria
1035 2874 1092 2906 (ΞΕ
