2095 3173
692 223 879 263 LIBER
921 222 1221 272 QUARTUS
1614 224 1690 274 189

329 331 464 369 Frater
491 330 644 368 honore
674 343 788 367 suum
819 329 938 379 spirat
967 328 1113 367 habere
1142 329 1299 366 locum:

329 396 493 445 Appetit
523 397 606 445 ipse
636 396 752 433 scolis
783 407 930 433 nomen
961 393 1035 432 sibi
1065 394 1163 432 ferre
1192 394 1378 443 magistri,

332 461 465 508 Quem
494 468 583 510 post
613 466 840 510 exemptum
871 460 1003 509 regula
1033 460 1139 497 nulla
1170 460 1285 508 ligat:

331 526 445 564 Solus
475 526 595 563 habet
624 538 832 572 cameram,
865 525 1035 574 propriat
1065 537 1290 571 commune,
1322 536 1399 574 que
1430 524 1581 562 nullum

330 592 446 628 Tunc
476 591 550 628 sibi
579 591 827 628 claustralem
858 597 1061 638 computat
1091 602 1177 628 esse
1207 602 1353 639 parem.

329 657 382 694 Vt
412 656 563 693 latriam
594 655 731 693 statuis
761 655 988 692 claustrales
1018 655 1118 693 ferre
1147 655 1342 705 magistris

332 721 493 759 Debent
523 727 562 758 et
592 720 762 770 pedibus
792 720 949 758 flectere
980 720 1082 758 colla
1112 720 1218 758 suis:
1629 726 1694 756 820

331 787 395 824 Sic
424 793 556 824 tumor
585 792 624 824 et
654 798 801 835 pompa
831 786 985 823 latitant
1015 784 1088 823 sub
1118 785 1330 835 theologia,

332 853 490 889 Ducere
520 864 593 889 nec
623 851 715 889 duci
745 851 841 889 dum
871 851 977 888 fauet
1007 850 1105 888 ordo
1136 850 1221 888 sibi.

331 917 448 954 Tunc
478 917 672 954 thalamos
702 923 880 965 penetrat
910 915 1110 962 sublimes,
1143 916 1250 953 curia
1279 915 1386 952 nulla

333 982 405 1019 Est
434 982 545 1019 cuius
575 988 688 1031 porta
717 982 911 1019 clauditur
940 988 1031 1018 ante
1062 981 1197 1018 virum.

332 1047 540 1097 Aspiciens
569 1047 693 1084 varias
723 1047 874 1095 species
903 1046 1072 1084 variatur
1100 1052 1138 1083 et
1168 1046 1252 1094 ipse

334 1112 554 1157 Camelion,
585 1118 623 1150 et
653 1112 852 1161 tot'signa
882 1111 1024 1148 coloris
1055 1110 1199 1148 habet:

336 1179 470 1215 Frater
498 1178 533 1216 ei
563 1177 710 1224 similis,
742 1176 991 1226 perpendens
1022 1176 1121 1213 velle
1150 1175 1332 1222 virorum,

335 1243 431 1280 Vult
460 1243 500 1280 in
529 1242 724 1280 consimili
756 1254 825 1291 par
854 1242 901 1279 sit
930 1248 970 1279 vt
1000 1241 1083 1290 ipse
1112 1240 1220 1289 pari3

337 1309 388 1346 Et
418 1309 511 1357 quia
540 1308 594 1345 sic
625 1307 793 1345 similem
823 1307 896 1344 sibi
928 1307 1046 1344 sentit
1075 1306 1182 1343 curia
1211 1306 1379 1352 fratrem,

336 1374 433 1411 Eius
463 1374 502 1410 in
531 1374 705 1411 aduentu
737 1372 901 1421 presulis
931 1378 1018 1409 acta
1046 1377 1197 1408 vacant.
1634 1377 1699 1416 830

337 1439 486 1478 Circuit
517 1439 694 1485 exterius,
728 1438 904 1487 explorat
933 1443 971 1475 et
1001 1436 1195 1482 interiora,

339 1506 434 1542 Non
465 1517 565 1553 opus
596 1504 796 1542 occultum
828 1515 902 1540 nec
931 1503 1042 1540 locus
1072 1508 1176 1539 extat
1206 1501 1267 1539 ei:

337 1571 457 1608 Nunc
486 1571 674 1616 medicus,
708 1582 814 1607 nunc
843 1568 1056 1614 confessor,
1089 1579 1195 1604 nunc
1225 1573 1282 1605 est
1312 1567 1516 1614 mediator,

340 1636 391 1673 Et
420 1648 537 1685 super
565 1643 603 1673 et
633 1635 772 1673 subtus
801 1634 920 1672 mittit
949 1633 1000 1671 ad
1029 1645 1150 1670 omne
1180 1645 1353 1670 manum.

340 1701 505 1750 Spiritus
534 1707 574 1738 vt
603 1701 767 1747 domini,
799 1700 854 1737 sic
883 1699 1000 1737 frater
1028 1698 1147 1747 spirat
1176 1697 1334 1747 vbique,

340 1767 393 1804 Et
422 1767 528 1804 venit
557 1767 609 1804 ad
639 1767 784 1804 lectum
814 1765 977 1814 quando
1007 1763 1168 1800 maritus
1198 1762 1335 1801 abest:

340 1832 405 1870 Sic
433 1830 598 1870 absente
627 1832 709 1869 viro
738 1831 966 1869 temerarius
995 1829 1112 1866 intrat
1141 1828 1295 1866 adulter

341 1898 485 1943 Frater,
518 1904 556 1935 et
585 1896 742 1934 alterius
772 1895 944 1944 propriat
973 1900 1059 1931 acta
1089 1893 1186 1931 sibi:

342 1963 406 2000 Sic
435 1962 542 1999 venit
571 1962 622 1999 ad
652 1961 759 1999 strati
789 1960 958 2009 capitata
987 1958 1170 1996 cubicula
1199 1958 1300 2005 lecti,

343 2027 483 2076 Sepius
513 2034 550 2065 et
580 2027 705 2076 prima
735 2032 839 2064 sorte
869 2025 1020 2063 futurus
1051 2024 1133 2062 erit.
1638 2030 1704 2069 840

343 2093 407 2130 Sic
436 2093 592 2141 genitus
622 2093 810 2130 Salomon
840 2097 898 2128 est
927 2091 1001 2127 hac
1030 2101 1108 2139 que
1138 2089 1270 2137 nupsit
1300 2088 1404 2136 Vrie‚

346 2159 454 2195 Dum
485 2158 572 2206 pius
603 2158 773 2195 intrusor
803 2162 970 2204 occupat
1000 2155 1093 2193 inde
1123 2155 1279 2192 locum:

345 2223 487 2272 Sponsi
518 2222 698 2261 defectus
727 2222 857 2271 suplet
887 2220 1057 2259 deuocio
1088 2220 1223 2266 fratris,

347 2289 398 2326 Et
425 2301 549 2338 genus
579 2288 825 2337 amplificans
854 2287 951 2324 atria
979 2286 1096 2335 plena
1125 2285 1228 2323 facit.

346 2353 538 2392 Verberat
567 2354 639 2392 iste
669 2365 816 2403 vepres,
848 2353 1047 2390 volucrem
1079 2351 1183 2400 capit
1213 2351 1332 2397 alter3
1371 2355 1409 2388 et
1438 2349 1511 2388 iste

348 2419 525 2457 Seminat
554 2419 594 2456 in
624 2419 805 2465 fundum,
837 2425 896 2455 set
926 2423 1047 2455 metet
1077 2417 1173 2453 alter
1201 2428 1362 2464 agrurn:

350 2485 398 2523 In
429 2485 556 2522 stadio
585 2491 745 2522 currunt
773 2482 906 2530 ambo,
937 2481 1119 2520 brauium
1149 2487 1282 2518 tamen
1311 2492 1410 2518 vnus

347 2549 503 2598 Accipit
533 2550 676 2588 iniuste
704 2549 859 2598 longius
888 2548 972 2597 ipse
1001 2552 1127 2584 retro:

351 2615 414 2652 Sic
444 2615 559 2652 intrat
589 2627 757 2664 sponsus
787 2614 952 2652 aliorum
983 2623 1078 2660 sepe
1106 2609 1272 2656 labores,

350 2682 411 2717 Ac
439 2678 505 2716 vbi
536 2692 617 2717 non
646 2680 764 2717 soluit
794 2679 833 2715 in
863 2679 980 2724 lucra,
1011 2688 1112 2714 vana
1141 2681 1286 2712 tamen.
1643 2681 1709 2721 850

352 2743 490 2783 Credit
520 2749 558 2781 et
588 2745 734 2781 exultat
763 2744 915 2792 prolem
944 2741 1127 2791 genuisse
1156 2739 1331 2785 maritus,

352 2809 509 2859 Vngula
539 2821 612 2847 nee
641 2809 759 2858 prolis
788 2808 956 2858 pertinet
984 2819 1061 2844 vna
1090 2805 1175 2843 sibi.

354 2875 534 2913 Predicat
562 2874 737 2924 ypocrita
765 2887 856 2912 cum
886 2885 1033 2922 sponso
1062 2871 1236 2909 carmina
1264 2877 1409 2918 sancta,
