2095 3173
642 248 830 289 LIBER
869 249 1182 290 SEPTIMUS
1561 265 1642 303 279

287 356 447 406 Isteque
476 368 517 394 se
545 356 731 394 miserum
760 356 939 394 transfert
967 356 1121 406 gentilis
1150 356 1191 394 in
1221 356 1342 403 illum,

286 422 462 470 Vultque
490 421 549 459 sui
579 421 667 459 vicii
696 421 911 460 rusticitate
939 422 1024 460 frui.
1579 437 1643 468 240

286 486 350 524 Sic
379 486 522 524 modus
551 493 610 524 est
639 499 796 536 pompa,
827 486 1002 536 probitas
1031 487 1232 534 iactancia,
1263 487 1362 525 risus

285 551 514 598 Scurrilitas‚
546 551 663 589 ludus
692 563 815 589 vanus
845 557 884 589 et
912 551 1064 601 absque
1092 552 1180 590 deo.

286 617 406 654 Nunc
434 616 561 653 fautor
589 616 781 654 scelerum
811 616 991 665 specialis
1020 615 1197 663 habetur,
1229 623 1267 655 et
1296 616 1458 655 obstans

285 681 457 719 Alterius
486 681 594 718 viciis
624 687 683 718 est
712 681 894 718 inimicus
924 681 984 719 ei:

286 747 405 784 Nunc
433 746 557 795 magis
586 753 645 784 est
674 759 786 784 carus
814 746 871 784 vir
900 746 1070 785 blandus
1099 747 1140 784 in
1169 759 1262 785 aure
1291 759 1522 798 pervngens,

285 812 337 849 Et
365 811 511 861 duplex
539 812 671 861 lingua
699 812 831 850 rethor
859 810 1026 850 habetur
1053 824 1110 850 ea.

285 877 404 915 Nunc
433 889 529 926 puer
557 877 739 926 impubes
769 877 989 926 sapiencior
1017 883 1076 915 est
1106 877 1321 916 Citherone

285 943 407 991 Regis
435 942 475 979 in
504 949 677 992 aspectu,
709 942 876 991 plusque
905 941 1060 980 Catone
1087 942 1239 990 placet:

284 1007 572 1056 Blandicieque
601 1019 670 1044 sue
699 1019 806 1044 nunc
834 1013 989 1056 gestant
1018 1007 1167 1055 premia
1196 1007 1338 1057 lingue,

284 1070 395 1118 Quas
424 1070 564 1108 mundi
593 1081 774 1119 proceres
803 1069 1054 1118 magnificare
1084 1069 1204 1107 vides.
1578 1085 1643 1116 250

336 1134 454 1172 Absit
482 1134 611 1172 honor
639 1134 792 1172 cunctis
822 1134 897 1171 nisi
926 1134 1068 1183 lingue,
1100 1146 1178 1183 que
1207 1135 1313 1172 velut
1343 1135 1479 1172 Eccho

283 1199 457 1237 Auribus
486 1199 528 1236 in
556 1200 655 1248 regis
684 1211 862 1236 consona
891 1198 1009 1236 verba
1039 1205 1163 1236 sonat.

284 1264 406 1312 Quod
434 1264 570 1313 culpas
599 1264 741 1312 culpat,
773 1263 883 1312 quod
912 1263 1048 1300 laudas
1079 1263 1212 1301 laudat
1241 1269 1280 1301 et
1310 1263 1405 1312 ipse,

283 1329 406 1378 Quod
435 1329 534 1368 dicis
563 1329 669 1375 dicit,
701 1329 810 1378 quod
839 1328 935 1366 colis
965 1329 1049 1377 ipse
1077 1329 1181 1366 colit.

282 1394 418 1448 Rides,
448 1394 614 1432 arridet:
654 1393 733 1439 fles,
764 1392 895 1432 flebit:
935 1405 1089 1442 semper
1118 1400 1157 1430 et
1185 1405 1306 1442 equas

285 1461 472 1509 Imponet
501 1459 606 1508 leges
634 1457 808 1496 vultibus
837 1458 921 1506 ipse
950 1458 1040 1495 tuis.

283 1525 437 1563 Premia
465 1524 656 1561 iudicium
686 1523 929 1561 Philemonis
959 1523 1067 1560 nulla
1097 1529 1277 1568 meretur,

282 1591 391 1628 Dum
420 1597 553 1628 tamen
582 1590 659 1627 hoc
687 1601 822 1627 verum
852 1589 901 1626 sit
930 1589 1039 1638 quod
1068 1588 1118 1626 ab
1149 1601 1216 1626 ore
1245 1588 1369 1627 refert.

281 1656 414 1704 Quem
443 1655 549 1704 prius
579 1655 769 1692 infantem
799 1654 892 1692 texit
922 1654 1092 1703 pastoria
1121 1654 1244 1702 pellis,

282 1721 369 1758 Iam
399 1720 531 1758 subito
560 1720 708 1758 blanda
735 1720 905 1757 sindone
934 1719 1052 1757 verba
1081 1726 1230 1768 tegunt.
1579 1728 1642 1759 260

282 1787 402 1826 Curia
429 1786 537 1823 nulla
566 1798 682 1823 suum
710 1792 883 1823 veterem
913 1791 1123 1822 conseruat
1152 1785 1356 1831 honorem,

282 1850 385 1889 Vrbs
415 1862 545 1899 neque
574 1849 779 1895 iusticiam,
810 1855 910 1886 terra
939 1860 1014 1886 nec
1042 1849 1118 1885 vlla
1147 1848 1280 1886 fidem.

283 1918 382 1954 Sunt
411 1915 534 1964 magis
562 1926 670 1952 arma
698 1914 826 1951 forum
856 1925 976 1962 quam
1006 1913 1202 1960 nobilitas,
1234 1913 1378 1962 quibus
1409 1915 1473 1953 ille

283 1980 427 2018 Garcio
456 1979 597 2017 sutoris
627 1991 734 2015 nunc
761 1978 935 2027 galeatus
964 1978 1098 2015 adest:

283 2045 432 2082 Fuluus
460 2044 537 2081 iam
567 2043 667 2080 talus
697 2042 812 2079 nimis
842 2049 899 2080 est
929 2042 1163 2088 communis,
1195 2054 1323 2091 eoque

283 2110 377 2147 Non
407 2109 534 2146 honor
563 2114 620 2145 est
649 2107 766 2144 armis
796 2113 836 2144 vt
865 2107 964 2144 solet
993 2118 1079 2144 esse
1107 2106 1237 2155 prius:

283 2174 468 2222 Namque
497 2171 689 2221 superbus
719 2172 844 2220 inops,
877 2171 974 2209 dum
1004 2183 1086 2208 non
1116 2170 1236 2209 habet
1265 2172 1369 2210 vnde
1399 2172 1568 2222 superbe

283 2238 333 2275 Se
361 2243 478 2286 regat,
509 2249 556 2275 ex
585 2236 715 2286 predis
744 2236 840 2274 viuit
868 2235 1015 2284 vbique
1044 2235 1134 2273 suis.

337 2322 529 2360 Debilitas
559 2322 666 2371 regni
695 2321 826 2370 surgit,
857 2320 956 2358 vires
985 2320 1248 2369 requiescunt,

283 2388 347 2426 Sic
376 2388 507 2436 paleas
536 2387 679 2424 multas
709 2398 908 2435 granaque
937 2398 1063 2435 pauca
1092 2385 1227 2424 vides:
1578 2400 1642 2433 270

283 2452 416 2492 Corda
444 2452 565 2490 latent
594 2452 784 2501 leporum,
816 2451 1044 2500 panduntur
1073 2457 1111 2488 et
1141 2463 1207 2488 ora
1236 2451 1409 2496 leonum,

282 2519 414 2555 Aurea
442 2529 548 2554 nunc
576 2515 695 2554 verba
723 2515 934 2565 plumbeus
962 2521 1073 2552 actus
1103 2514 1234 2553 habet.

284 2584 482 2631 Nuncque
510 2582 637 2620 solent
665 2582 848 2620 homines
878 2592 1112 2618 consumere
1141 2581 1246 2629 larga
1274 2580 1478 2629 loquendo

282 2649 492 2696 Tempora,
524 2648 695 2685 sermoni
725 2646 937 2685 deficiente
965 2645 1030 2683 die
1046 2659 1056 2692 ;
1142 2650 1145 2654 ’

284 2713 336 2750 Et
365 2712 482 2758 bona,
512 2724 590 2760 que
618 2723 781 2761 regnum
811 2716 1069 2757 concernunt,
1100 2710 1252 2747 vtiliora

284 2777 498 2815 Discordes
526 2777 661 2814 animo
689 2776 906 2826 posteriora
935 2775 1080 2813 sinunt.

218 2890 283 2930 256
306 2890 379 2930 ipse
397 2888 452 2921 SL
497 2888 553 2920 ille
570 2888 699 2920 CEHD
799 2889 862 2928 269
888 2887 1057 2927 Ordz'nary
1066 2892 1205 2928 paragr.
1221 2887 1256 2918 in
1272 2886 1374 2927 CDL,
1392 2897 1434 2918 no
1446 2891 1585 2928 paragr.
1605 2886 1631 2916 E
