2095 3173
640 231 827 272 LIBER
867 231 1182 273 SEPTIMUS
1565 235 1644 285 285

217 388 219 391 ι
287 337 455 376 Pulcher
484 343 523 376 et
551 338 664 376 etatis
694 338 766 376 flos
796 338 978 377 iuuenilis
1008 337 1113 377 abit:
1219 352 1224 360 ·
1579 355 1645 386 470

288 402 451 441 Labitur
480 404 634 442 occulte
662 403 839 453 fallitque
867 404 1035 442 volatilis
1065 410 1158 450 etas,

285 468 337 505 Et
366 468 469 506 celer
495 481 691 506 annorum
720 481 856 507 cursus
885 475 925 507 vt
954 469 1091 507 vmbra
1119 469 1229 518 fugit.

340 535 432 571 Hec
461 546 623 584 quoque
650 546 724 571 nec
753 540 926 583 perstant
955 546 1032 583 que
1062 546 1134 572 nos
1164 535 1360 573 elementa
1390 546 1588 580 vocamus,

286 600 417 637 Immo
445 605 585 648 gerunt
613 599 737 637 varias
766 599 980 637 diuaricata
1009 599 1137 637 vices:

285 664 461 713 Corpora
489 671 702 710 vertuntur,
732 676 806 702 nec
835 664 945 713 quod
974 664 1118 702 fuimus
1147 677 1194 703 ve
1223 677 1359 703 sumus
1389 677 1461 703 nos

284 729 380 767 Cras
410 729 564 776 erimus,
596 735 655 766 set
684 729 788 766 idem
820 741 862 767 se
890 741 1021 778 neque
1050 736 1206 778 tempus
1236 729 1380 769 habet:

284 794 352 831 Nil
381 794 568 843 equidem
597 794 738 832 durare
767 801 897 843 potest
927 794 1052 832 forma
1081 794 1156 832 sub
1186 795 1339 842 eadem,

284 859 431 897 Mutari
461 859 592 897 subito
622 859 718 909 quin
747 860 870 909 magis
899 871 1019 897 omne
1048 859 1181 909 liquet.

283 925 422 971 Cerne,
455 925 596 963 fretum
627 925 736 974 quod
766 928 858 971 erat,
891 937 998 962 nunc
1027 931 1086 963 est
1117 925 1354 963 solidissima
1383 926 1510 970 tellus,

283 990 405 1038 Quod
435 991 506 1028 fuit
535 998 573 1029 et
602 991 729 1037 tellus,
760 990 837 1028 iarn
868 990 984 1027 maris
1013 990 1119 1028 vnda
1149 991 1267 1040 tegit:
1575 998 1642 1038 480

284 1056 403 1093 Nunc
433 1055 527 1102 fluit,
558 1056 757 1094 interdurn
787 1055 1005 1104 suppressis
1035 1054 1218 1093 fluctibus
1247 1063 1328 1094 aret

283 1121 401 1165 Fons,
431 1133 506 1158 nec
535 1128 572 1159 et
602 1121 686 1170 ipse
715 1127 816 1158 statu
847 1127 1051 1170 permanet
1081 1132 1174 1158 ecce
1203 1133 1287 1159 suo.

282 1185 508 1224 Conteritur
536 1185 691 1232 ferrum,
723 1186 850 1223 silices
880 1191 1094 1223 tenuantur
1121 1184 1172 1223 ab
1203 1198 1299 1224 vsu:

281 1251 489 1299 Numquid
519 1251 640 1288 homo
669 1251 811 1300 fragilis
840 1250 1033 1299 rumpitur
1061 1250 1144 1299 ipse
1174 1251 1326 1300 magis?

281 1316 362 1364 Qui
391 1328 498 1353 nunc
527 1315 601 1354 sub
631 1315 770 1354 Phebo
799 1315 1049 1365 ducibusque
1078 1316 1229 1365 palacia
1257 1317 1419 1366 fulgent,

281 1381 419 1430 Nuper
446 1381 607 1419 araturis
637 1393 782 1430 pascua
811 1380 939 1418 bobus
968 1388 1103 1419 erant:

280 1446 418 1495 Nuper
446 1453 555 1484 erant
584 1459 680 1493 rura,
713 1459 794 1495 quo
823 1458 929 1483 nunc
959 1452 1049 1483 sunt
1077 1452 1213 1492 castra,
1246 1458 1324 1495 que
1352 1447 1446 1484 culti

279 1511 373 1559 Quo
403 1524 508 1548 nunc
538 1518 628 1549 sunt
657 1512 798 1560 campi,
829 1517 955 1548 castra
985 1511 1093 1548 fuere
1122 1511 1252 1560 prius:

278 1576 504 1615 Frondibus
532 1576 726 1615 ornabant
755 1589 832 1626 que
862 1588 968 1613 nunc
992 1575 1176 1625 capitolia
1204 1577 1383 1626 gemmis,

278 1642 551 1692 Pascebatque
580 1655 669 1680 suas
699 1643 782 1692 ipse
811 1648 968 1680 senator
997 1654 1106 1679 oues.
1573 1660 1640 1691 490

278 1708 329 1745 Et
359 1708 390 1745 si
420 1720 538 1757 regna
566 1709 704 1758 loquar
732 1708 952 1754 hominum,
984 1707 1129 1744 scimus
1156 1707 1248 1756 quia
1277 1707 1431 1745 nullum

278 1772 471 1822 Principis
501 1774 709 1822 imperium
738 1780 885 1822 perstat
914 1773 954 1809 in
983 1772 1080 1810 orbe
1109 1772 1189 1810 diu.

333 1838 424 1876 Hec
454 1850 531 1887 que
559 1838 785 1887 preteritum
816 1844 972 1885 tempus
1002 1836 1123 1883 dedit,
1156 1837 1220 1874 illa
1249 1837 1422 1875 futurum

220 1904 229 1913 ⁸
280 1903 374 1940 Post
404 1903 525 1949 dabit,
557 1909 695 1952 estque
724 1914 853 1940 nouus
883 1902 1013 1939 nullus
1043 1902 1083 1938 in
1113 1901 1209 1939 orbe
1238 1908 1374 1940 status.

279 1967 422 2005 Dicere
451 1967 538 2016 quis
567 1968 720 2016 poterit,
755 1968 864 2016 ‘Ego
893 1972 1025 2016 persto
1053 1966 1209 2015 quietus
1238 1966 1279 2004 in
1308 1966 1457 2006 orbe?'

278 2032 330 2070 Et
360 2032 447 2081 quis
476 2045 557 2070 non
586 2045 723 2070 causas
751 2032 859 2070 mille
888 2030 1035 2069 doloris
1065 2030 1216 2070 habet?

279 2098 373 2145 Quo
402 2110 443 2135 se
471 2098 584 2135 vertit
613 2098 746 2143 homo,
776 2097 890 2135 dolor
917 2103 984 2134 aut
1014 2104 1142 2134 metus
1171 2097 1311 2135 incutit
1341 2098 1470 2148 ipsum
1486 2113 1496 2146 ;

278 2163 482 2212 Excipitur
510 2163 640 2200 nullus
669 2163 737 2212 qui
766 2163 814 2200 sit
843 2161 883 2199 in
913 2161 1009 2200 orbe
1037 2162 1191 2210 gradus.

277 2227 314 2265 O
344 2234 513 2276 quantos
541 2240 675 2277 regum
706 2228 913 2277 paciuntur
941 2227 1061 2265 corda
1090 2228 1292 2275 tumultus,

279 2293 491 2342 Quamque
519 2293 748 2342 procellosis
778 2291 951 2331 motibus
980 2293 1064 2342 ipsa
1094 2293 1291 2331 fremunt!
1572 2309 1637 2341 500

280 2359 389 2396 Inter
416 2359 562 2408 regales
592 2359 727 2408 epulas
756 2358 964 2408 variosque
992 2365 1149 2407 paratus

277 2422 506 2461 Tabescunt
534 2424 640 2462 vario
670 2424 878 2462 sollicitata
907 2430 1040 2461 metu:

278 2489 391 2527 Mille
420 2489 649 2528 satellitibus
679 2490 831 2527 cinctus
861 2488 1030 2537 telisque
1061 2501 1222 2526 suorum

278 2555 372 2592 Non
401 2555 502 2592 valet
531 2567 553 2593 e
581 2554 735 2604 trepido
764 2555 910 2604 pellere
938 2554 1058 2592 corde
1088 2561 1227 2592 metus.

278 2619 341 2657 Sic
371 2619 562 2657 inmunda
590 2619 669 2657 suis
699 2619 749 2658 de
778 2618 982 2656 fraudibus
1011 2618 1144 2655 omnia
1173 2618 1346 2656 mundus

278 2684 433 2731 Polluit,
464 2691 502 2722 et
530 2685 639 2722 nullo
667 2691 845 2734 tempore
875 2683 1025 2721 munda
1054 2683 1172 2721 facit:

278 2750 359 2787 Iste
388 2761 456 2798 per
484 2749 698 2786 antifrasim
727 2762 875 2788 nomen
905 2749 979 2786 sibi
1008 2748 1191 2786 vendicat
1219 2761 1354 2796 vnum,

278 2814 370 2862 Quo
400 2813 509 2851 nullo
538 2820 652 2862 pacto
680 2815 911 2864 participare
940 2819 1080 2863 potest.

451 2899 514 2928 470
537 2889 654 2920 estatis
671 2890 697 2920 C
715 2891 810 2930 (ras.)
988 2899 1053 2930 490
1077 2889 1305 2929 Passebatque
1323 2889 1348 2921 S
