2095 3173
514 272 594 309 260
983 270 1112 311 VOX
1153 270 1512 311 CLAMANTIS

624 379 824 427 Disceque
854 384 1088 415 cunctorum
1118 377 1228 427 quod
1257 377 1306 414 sit
1335 377 1560 414 communis
1589 376 1708 426 origo,

622 443 743 482 Ortus
773 450 811 480 et
840 455 1004 481 occasus
1034 455 1144 489 vnus,
1175 450 1213 481 et
1243 455 1319 481 vna
1348 455 1451 481 caro.
1900 458 1982 480 1020

621 508 780 546 Nobilis
810 514 868 545 est
897 508 1040 546 mentis
1070 508 1249 558 quisquis
1279 508 1419 546 virtute
1449 507 1624 557 refulget,

622 575 807 623 Degener
836 580 894 612 est
924 574 1030 612 solus
1060 575 1123 612 cui
1154 574 1257 612 mala
1286 574 1365 612 vita
1394 574 1548 623 placet;

621 640 756 677 Mores
786 651 960 689 namque
988 639 1117 678 bonos
1146 646 1353 678 veneratur
1380 639 1487 678 curia
1515 639 1600 687 celi,

618 707 669 744 Et
699 706 830 744 celum
859 706 994 753 iustus,
1026 718 1107 744 non
1135 702 1360 755 generosus,
1392 705 1522 744 habet.

617 772 718 809 Esto
748 783 910 818 memor,
942 772 1051 821 quod
1080 771 1205 809 fratris
1235 784 1346 809 amor
1373 770 1444 809 tibi
1475 777 1618 809 cuncta
1647 771 1852 817 ministrat,

620 837 780 886 Datque
808 835 880 874 tibi
910 837 1017 874 solus
1047 837 1181 874 omnia
1209 837 1334 874 fratris
1363 849 1496 874 amor:

618 903 762 940 Fratris
791 914 902 940 amor
930 903 1068 940 transit
1097 909 1260 949 terrena,
1293 907 1462 952 superna
1492 903 1701 952 resumptis

617 968 778 1006 Viribus
808 968 997 1015 ascendit,
1028 975 1130 1006 astra
1159 969 1377 1018 polumque
1405 968 1526 1018 petit:

620 1034 902 1084 Noticiamque
931 1033 996 1072 dei
1026 1034 1122 1072 dum
1152 1034 1290 1083 querit,
1321 1034 1373 1072 ad
1402 1040 1503 1071 astra
1533 1034 1663 1071 volare

616 1101 714 1138 Non
743 1101 866 1147 timet,
898 1107 938 1138 vt
968 1100 1098 1138 videat
1127 1100 1215 1149 quis
1245 1100 1343 1138 deus
1373 1100 1457 1149 ipse
1486 1100 1604 1149 Syon,
1896 1115 1981 1146 1030

619 1166 719 1214 Quis
749 1178 813 1204 rex
842 1165 1048 1204 inmensus
1075 1172 1116 1204 et
1144 1177 1222 1215 que
1251 1165 1299 1203 sit
1328 1163 1427 1203 visio
1455 1165 1574 1214 pacis,

618 1231 718 1279 Quis
749 1243 796 1269 ve
825 1231 936 1269 locus
967 1231 1052 1278 celi,
1084 1231 1206 1281 gloria
1235 1237 1384 1280 quanta
1413 1230 1489 1269 dei.

618 1298 700 1335 Ista
730 1297 874 1335 decent
904 1308 1036 1346 regem
1066 1296 1258 1343 meditari,
1290 1296 1339 1334 sit
1369 1296 1479 1346 quod
1508 1296 1548 1334 in
1578 1295 1652 1334 illis

616 1362 766 1411 Apcior
794 1368 833 1400 vt
863 1362 1002 1400 reddat
1031 1361 1165 1400 debita
1195 1361 1278 1400 iura
1307 1362 1396 1400 deo.

616 1428 792 1466 Noscere
822 1434 861 1465 te
890 1427 1050 1466 studeas
1080 1434 1119 1466 et
1147 1441 1279 1466 amare
1309 1428 1440 1476 deum,
1473 1428 1554 1466 duo
1584 1440 1759 1477 namque

615 1494 707 1531 Hec
737 1500 839 1540 sunt,
872 1506 950 1543 que
978 1493 1062 1541 tibi,
1094 1506 1170 1540 rex,
1203 1494 1301 1532 scire
1331 1506 1494 1532 necesse
1524 1492 1643 1531 iubet.

615 1560 707 1597 Hec
737 1565 795 1596 est
825 1558 1010 1596 condicio
1040 1558 1114 1597 sub
1144 1571 1222 1608 qua
1252 1558 1322 1596 tibi
1353 1558 1520 1596 contulit
1550 1570 1636 1596 esse

613 1624 869 1673 Viuendique
898 1623 1063 1662 modum
1092 1624 1275 1662 conditor
1304 1624 1387 1673 ipse
1416 1630 1518 1661 tuus.

550 1755 627 1789 Hic
645 1755 830 1798 loquitur
853 1754 1078 1789 secundum
1095 1754 1337 1789 Salomonis
1356 1754 1673 1798 experienciam,
1693 1754 1802 1798 quod
1821 1756 1973 1790 ceteris

502 1813 730 1848 virtutibus
753 1812 807 1847 ad
829 1813 948 1856 regni
975 1813 1301 1857 gubernaculum
1327 1813 1517 1857 preualet
1543 1813 1771 1856 sapiencia,
1794 1824 1873 1858 que
1897 1814 1974 1849 deo

502 1874 544 1907 et
568 1872 805 1907 hominibus
831 1883 972 1916 regem
997 1873 1136 1916 magis
1161 1873 1297 1907 reddit
1324 1873 1639 1916 acceptabilem.

369 1955 498 2002 (tnpm.
521 1966 579 1991 xv.
667 1953 704 1992 O
733 1954 798 2003 pie
827 1966 893 1992 rex
921 1954 1087 2001 iuuenis,
1118 1952 1282 1992 iuuenili
1311 1952 1407 2007 quid
1437 1952 1641 1992 Salomoni

612 2019 788 2069 Contigit
818 2020 992 2067 intende,
1024 2020 1075 2058 sis
1105 2020 1391 2061 memor.vnde
1420 2018 1501 2057 tui:
1891 2036 1975 2067 1040

611 2085 694 2122 Hic
724 2084 784 2122 bis
814 2097 880 2123 sex
909 2097 1006 2134 puer
1034 2098 1229 2123 annorum
1259 2097 1350 2123 cum
1380 2097 1489 2122 sacra
1519 2084 1693 2123 dedisset

612 2150 731 2187 Dona
761 2150 848 2196 deo,
881 2149 1022 2188 meruit
1052 2157 1169 2188 nocte
1200 2150 1332 2188 videre
1363 2150 1507 2188 deum:

612 2214 745 2262 Quem
775 2214 873 2252 deus
902 2213 1124 2264 alloquitur,
1159 2216 1278 2253 ‘Pete
1307 2215 1417 2263 quod
1446 2214 1502 2251 vis
1532 2214 1702 2262 munus,'
1732 2220 1770 2253 et
1799 2213 1927 2263 inquit

611 2280 695 2326 Ille,
730 2281 850 2317 ‘Peto
880 2292 1051 2327 sensum,
1085 2292 1166 2328 quo
1196 2292 1284 2317 mea
1314 2292 1434 2329 regna
1464 2279 1621 2328 regam.'

610 2345 737 2394 Regia
767 2345 907 2382 diuino
937 2345 1169 2394 placuerunt
1198 2344 1317 2382 verba
1346 2344 1482 2390 fauori,

610 2411 947 2458 Responsumque
976 2409 1074 2447 deus
1104 2409 1275 2447 reddidit
1306 2409 1411 2446 istud
1442 2409 1501 2446 ei:
2077 2369 2080 2436 i

611 2476 728 2513 ‘Non
758 2475 888 2524 plures
917 2487 1043 2513 annos
1073 2487 1147 2513 nec
1175 2487 1272 2524 opes
1302 2487 1376 2512 nec
1405 2474 1456 2512 ab
1486 2474 1600 2513 hoste
1628 2474 1848 2525 triumphos
2075 2456 2079 2525 i

609 2539 796 2589 Quesisti‚
829 2540 972 2579 dentur
1000 2552 1079 2590 que
1107 2540 1207 2589 petis
1237 2552 1329 2589 ergo
1359 2540 1455 2578 tibi:

609 2607 704 2644 Non
733 2606 862 2644 solum
892 2604 1059 2655 sapiens,
1091 2611 1149 2643 set
1179 2605 1292 2643 diues
1322 2604 1396 2643 eris
1427 2617 1543 2654 super
1572 2617 1726 2651 omnes,
2074 2543 2078 2648 i

610 2672 722 2720 Quos
752 2671 891 2709 habuit
921 2671 1105 2718 mundus,
1137 2683 1237 2720 quos
1267 2671 1328 2708 vel
1358 2670 1504 2709 habere
1534 2671 1687 2720 potest!
1885 2686 1969 2719 1050
2074 2660 2077 2681 '

662 2737 698 2775 O
729 2736 830 2774 bene
861 2737 891 2774 si
922 2737 1095 2786 speculo,
1127 2748 1202 2783 rex,
1235 2742 1273 2773 te
1304 2736 1515 2785 speculeris
1546 2737 1586 2773 in
1616 2735 1702 2783 isto,
2073 2705 2076 2755 Ι

606 2801 716 2849 Quid
747 2801 869 2851 magis
900 2801 1113 2850 expediens
1143 2799 1190 2838 sit
1218 2799 1291 2838 tibi
1321 2801 1418 2838 scire
1447 2808 1570 2849 potes.
2072 2785 2075 2867 J

607 2867 698 2904 Hiis
729 2873 861 2904 tamen
892 2865 1080 2915 exemplis
1111 2872 1217 2915 patet
1247 2873 1285 2903 vt
1315 2864 1512 2914 sapiencia
1541 2864 1640 2914 regis
2071 2869 2074 2913 l

605 2931 670 2969 Ad
699 2933 874 2981 regimen
905 2931 1031 2981 plebis
1061 2938 1119 2969 est
1147 2931 1376 2969 adhibenda
1405 2931 1522 2980 prius.
2070 2917 2074 2963 l
