<?xml version="1.0" encoding="UTF-8"?>
<!DOCTYPE html PUBLIC "-//W3C//DTD XHTML 1.0 Transitional//EN"
    "http://www.w3.org/TR/xhtml1/DTD/xhtml1-transitional.dtd">
<html xmlns="http://www.w3.org/1999/xhtml" xml:lang="en" lang="en">
 <head>
  <title>
</title>
<meta http-equiv="Content-Type" content="text/html;charset=utf-8" />
  <meta name='ocr-system' content='tesseract 3.04.00' />
  <meta name='ocr-capabilities' content='ocr_page ocr_carea ocr_par ocr_line ocrx_word'/>
</head>
<body>
  <div class='ocr_page' id='page_1' title='image "./completeworksofj04gowe_0117.png"; bbox 0 0 2095 3173; ppageno 0'>
   <div class='ocr_carea' id='block_1_1' title="bbox 683 206 1651 262">
    <p class='ocr_par' dir='ltr' id='par_1_1' title="bbox 683 206 1651 262">
     <span class='ocr_line' id='line_1_1' title="bbox 683 206 1651 262; baseline 0.004 -16"><span class='ocrx_word' id='word_1_1' title='bbox 683 206 872 247; x_wconf 88' lang='lat' dir='ltr'><strong>LIBER</strong></span> <span class='ocrx_word' id='word_1_2' title='bbox 916 207 1156 249; x_wconf 86' lang='lat' dir='ltr'>PRIMUS</span> <span class='ocrx_word' id='word_1_3' title='bbox 1599 225 1651 262; x_wconf 85' lang='lat'><strong>29</strong></span> 
     </span>
    </p>
   </div>
   <div class='ocr_carea' id='block_1_2' title="bbox 286 311 1651 2774">
    <p class='ocr_par' dir='ltr' id='par_1_2' title="bbox 286 311 1651 2774">
     <span class='ocr_line' id='line_1_2' title="bbox 290 311 1412 363; baseline 0.002 -13"><span class='ocrx_word' id='word_1_4' title='bbox 290 312 440 351; x_wconf 85' lang='lat' dir='ltr'>Contra</span> <span class='ocrx_word' id='word_1_5' title='bbox 469 312 551 350; x_wconf 83' lang='lat' dir='ltr'><strong>iura</strong></span> <span class='ocrx_word' id='word_1_6' title='bbox 580 311 695 351; x_wconf 91' lang='lat' dir='ltr'><strong>bouis</strong></span> <span class='ocrx_word' id='word_1_7' title='bbox 723 312 797 351; x_wconf 92' lang='lat' dir='ltr'><strong>bos</strong></span> <span class='ocrx_word' id='word_1_8' title='bbox 827 313 975 363; x_wconf 90' lang='lat' dir='ltr'><strong>spernit</strong></span> <span class='ocrx_word' id='word_1_9' title='bbox 1005 313 1151 352; x_wconf 87' lang='lat' dir='ltr'><strong>habere</strong></span> <span class='ocrx_word' id='word_1_10' title='bbox 1181 313 1412 362; x_wconf 88' lang='lat' dir='ltr'><strong>bubulcum,</strong></span> 
     </span>
     <span class='ocr_line' id='line_1_3' title="bbox 290 378 1138 417; baseline 0.002 -3"><span class='ocrx_word' id='word_1_11' title='bbox 290 378 494 416; x_wconf 89' lang='lat' dir='ltr'><strong>Ammodo</strong></span> <span class='ocrx_word' id='word_1_12' title='bbox 524 390 597 417; x_wconf 91' lang='lat' dir='ltr'><strong>nec</strong></span> <span class='ocrx_word' id='word_1_13' title='bbox 626 378 718 416; x_wconf 91' lang='lat' dir='ltr'><strong>duci</strong></span> <span class='ocrx_word' id='word_1_14' title='bbox 749 379 800 417; x_wconf 93' lang='lat' dir='ltr'><strong>de</strong></span> <span class='ocrx_word' id='word_1_15' title='bbox 830 379 1007 417; x_wconf 86' lang='lat' dir='ltr'><strong>nouitate</strong></span> <span class='ocrx_word' id='word_1_16' title='bbox 1036 379 1138 417; x_wconf 88' lang='lat' dir='ltr'><strong>sinit.</strong></span> 
     </span>
     <span class='ocr_line' id='line_1_4' title="bbox 290 442 1225 493; baseline 0.001 -12"><span class='ocrx_word' id='word_1_17' title='bbox 290 442 552 482; x_wconf 86' lang='lat' dir='ltr'><strong>Cornutando</strong></span> <span class='ocrx_word' id='word_1_18' title='bbox 572 443 663 481; x_wconf 87' lang='lat' dir='ltr'><strong>furit</strong></span> <span class='ocrx_word' id='word_1_19' title='bbox 692 444 812 482; x_wconf 89' lang='lat' dir='ltr'><strong>hodie</strong></span> <span class='ocrx_word' id='word_1_20' title='bbox 841 443 914 482; x_wconf 87' lang='lat' dir='ltr'><strong>bos</strong></span> <span class='ocrx_word' id='word_1_21' title='bbox 943 444 1012 493; x_wconf 86' lang='lat' dir='ltr'><strong>qui</strong></span> <span class='ocrx_word' id='word_1_22' title='bbox 1042 445 1113 482; x_wconf 90' lang='lat' dir='ltr'><strong>fuit</strong></span> <span class='ocrx_word' id='word_1_23' title='bbox 1142 445 1225 483; x_wconf 90' lang='lat' dir='ltr'><strong>heri</strong></span> 
     </span>
     <span class='ocr_line' id='line_1_5' title="bbox 291 508 1204 548; baseline 0.003 -4"><span class='ocrx_word' id='word_1_24' title='bbox 291 508 365 545; x_wconf 91' lang='lat' dir='ltr'><strong>Per</strong></span> <span class='ocrx_word' id='word_1_25' title='bbox 393 520 515 545; x_wconf 89' lang='lat' dir='ltr'><strong>cornu</strong></span> <span class='ocrx_word' id='word_1_26' title='bbox 547 508 685 546; x_wconf 89' lang='lat' dir='ltr'><strong>leuiter</strong></span> <span class='ocrx_word' id='word_1_27' title='bbox 714 509 856 546; x_wconf 86' lang='lat' dir='ltr'><strong>ductus</strong></span> <span class='ocrx_word' id='word_1_28' title='bbox 888 515 926 546; x_wconf 90' lang='lat' dir='ltr'><strong>vt</strong></span> <span class='ocrx_word' id='word_1_29' title='bbox 955 521 1048 546; x_wconf 85' lang='lat' dir='ltr'><strong>arua</strong></span> <span class='ocrx_word' id='word_1_30' title='bbox 1077 510 1204 548; x_wconf 84' lang='lat' dir='ltr'><strong>colat:</strong></span> 
     </span>
     <span class='ocr_line' id='line_1_6' title="bbox 291 573 1368 622; baseline 0.004 -13"><span class='ocrx_word' id='word_1_31' title='bbox 291 573 371 620; x_wconf 85' lang='lat' dir='ltr'><strong>Qui</strong></span> <span class='ocrx_word' id='word_1_32' title='bbox 402 573 556 610; x_wconf 82' lang='lat' dir='ltr'><strong>fuerant</strong></span> <span class='ocrx_word' id='word_1_33' title='bbox 586 573 725 611; x_wconf 91' lang='lat' dir='ltr'><strong>domiti</strong></span> <span class='ocrx_word' id='word_1_34' title='bbox 756 586 890 622; x_wconf 85' lang='lat' dir='ltr'><strong>nuper,</strong></span> <span class='ocrx_word' id='word_1_35' title='bbox 923 574 1045 612; x_wconf 89' lang='lat' dir='ltr'><strong>modo</strong></span> <span class='ocrx_word' id='word_1_36' title='bbox 1074 574 1202 613; x_wconf 89' lang='lat' dir='ltr'><strong>fronte</strong></span> <span class='ocrx_word' id='word_1_37' title='bbox 1223 574 1368 613; x_wconf 82' lang='lat' dir='ltr'><strong>minaci</strong></span> 
     </span>
     <span class='ocr_line' id='line_1_7' title="bbox 289 637 1106 688; baseline 0.002 -12"><span class='ocrx_word' id='word_1_38' title='bbox 289 637 488 676; x_wconf 89' lang='lat' dir='ltr'><strong>Cornibus</strong></span> <span class='ocrx_word' id='word_1_39' title='bbox 518 638 629 676; x_wconf 84' lang='lat' dir='ltr'><strong>elatis</strong></span> <span class='ocrx_word' id='word_1_40' title='bbox 660 637 795 676; x_wconf 84' lang='lat' dir='ltr'><strong>debita</strong></span> <span class='ocrx_word' id='word_1_41' title='bbox 825 639 908 676; x_wconf 81' lang='lat' dir='ltr'><strong>iura</strong></span> <span class='ocrx_word' id='word_1_42' title='bbox 937 646 1106 688; x_wconf 84' lang='lat' dir='ltr'><strong>negant:</strong></span> 
     </span>
     <span class='ocr_line' id='line_1_8' title="bbox 288 703 1238 755; baseline 0.002 -15"><span class='ocrx_word' id='word_1_43' title='bbox 288 703 471 752; x_wconf 83' lang='lat' dir='ltr'>Amplius</span> <span class='ocrx_word' id='word_1_44' title='bbox 499 715 545 741; x_wconf 86' lang='lat' dir='ltr'><strong>ex</strong></span> <span class='ocrx_word' id='word_1_45' title='bbox 574 711 700 741; x_wconf 84' lang='lat' dir='ltr'><strong>aratro</strong></span> <span class='ocrx_word' id='word_1_46' title='bbox 731 716 772 742; x_wconf 93' lang='lat' dir='ltr'><strong>se</strong></span> <span class='ocrx_word' id='word_1_47' title='bbox 802 704 940 742; x_wconf 86' lang='lat' dir='ltr'><strong>dicunt</strong></span> <span class='ocrx_word' id='word_1_48' title='bbox 970 705 1076 742; x_wconf 90' lang='lat' dir='ltr'><strong>nolle</strong></span> <span class='ocrx_word' id='word_1_49' title='bbox 1105 705 1238 755; x_wconf 83' lang='lat' dir='ltr'><strong>iugari,</strong></span> 
     </span>
     <span class='ocr_line' id='line_1_9' title="bbox 289 768 1649 817; baseline 0.001 -11"><span class='ocrx_word' id='word_1_50' title='bbox 289 768 403 806; x_wconf 84' lang='lat' dir='ltr'><strong>Colla</strong></span> <span class='ocrx_word' id='word_1_51' title='bbox 432 775 491 807; x_wconf 91' lang='lat' dir='ltr'><strong>set</strong></span> <span class='ocrx_word' id='word_1_52' title='bbox 520 775 650 807; x_wconf 81' lang='lat' dir='ltr'><strong>erecta</strong></span> <span class='ocrx_word' id='word_1_53' title='bbox 679 769 801 808; x_wconf 80' lang='lat' dir='ltr'><strong>libera</strong></span> <span class='ocrx_word' id='word_1_54' title='bbox 830 770 929 808; x_wconf 90' lang='lat' dir='ltr'><strong>ferre</strong></span> <span class='ocrx_word' id='word_1_55' title='bbox 958 771 1119 809; x_wconf 88' lang='lat' dir='ltr'><strong>volunt:</strong></span> <span class='ocrx_word' id='word_1_56' title='bbox 1585 787 1649 817; x_wconf 76' lang='lat'><strong>250</strong></span> 
     </span>
     <span class='ocr_line' id='line_1_10' title="bbox 288 834 1562 885; baseline 0.003 -15"><span class='ocrx_word' id='word_1_57' title='bbox 288 834 492 872; x_wconf 89' lang='lat' dir='ltr'><strong>Ammodo</strong></span> <span class='ocrx_word' id='word_1_58' title='bbox 522 847 603 872; x_wconf 89' lang='lat' dir='ltr'><strong>non</strong></span> <span class='ocrx_word' id='word_1_59' title='bbox 633 835 851 873; x_wconf 89' lang='lat' dir='ltr'><strong>comedunt</strong></span> <span class='ocrx_word' id='word_1_60' title='bbox 880 835 1012 884; x_wconf 83' lang='lat' dir='ltr'><strong>paleas</strong></span> <span class='ocrx_word' id='word_1_61' title='bbox 1042 848 1173 885; x_wconf 85' lang='lat' dir='ltr'><strong>neque</strong></span> <span class='ocrx_word' id='word_1_62' title='bbox 1202 836 1389 874; x_wconf 83' lang='lat' dir='ltr'><strong>stramina</strong></span> <span class='ocrx_word' id='word_1_63' title='bbox 1417 848 1562 885; x_wconf 83' lang='lat' dir='ltr'><strong>grossa,</strong></span> 
     </span>
     <span class='ocr_line' id='line_1_11' title="bbox 289 898 1185 950; baseline 0.002 -14"><span class='ocrx_word' id='word_1_64' title='bbox 289 898 360 937; x_wconf 89' lang='lat' dir='ltr'><strong>Est</strong></span> <span class='ocrx_word' id='word_1_65' title='bbox 391 898 456 937; x_wconf 87' lang='lat' dir='ltr'><strong>vbi</strong></span> <span class='ocrx_word' id='word_1_66' title='bbox 486 906 545 937; x_wconf 88' lang='lat' dir='ltr'><strong>set</strong></span> <span class='ocrx_word' id='word_1_67' title='bbox 564 912 730 949; x_wconf 84' lang='lat' dir='ltr'><strong>granum</strong></span> <span class='ocrx_word' id='word_1_68' title='bbox 760 900 810 938; x_wconf 87' lang='lat' dir='ltr'><strong>de</strong></span> <span class='ocrx_word' id='word_1_69' title='bbox 840 900 1002 938; x_wconf 88' lang='lat' dir='ltr'><strong>meliore</strong></span> <span class='ocrx_word' id='word_1_70' title='bbox 1032 907 1185 950; x_wconf 86' lang='lat' dir='ltr'><strong>petunt.</strong></span> 
     </span>
     <span class='ocr_line' id='line_1_12' title="bbox 289 965 1214 1014; baseline 0.002 -13"><span class='ocrx_word' id='word_1_71' title='bbox 289 965 353 1002; x_wconf 90' lang='lat' dir='ltr'><strong>Sic</strong></span> <span class='ocrx_word' id='word_1_72' title='bbox 382 965 676 1003; x_wconf 80' lang='lat' dir='ltr'><strong>transformatas</strong></span> <span class='ocrx_word' id='word_1_73' title='bbox 705 965 850 1003; x_wconf 83' lang='lat' dir='ltr'><strong>formas</strong></span> <span class='ocrx_word' id='word_1_74' title='bbox 881 972 1018 1003; x_wconf 85' lang='lat' dir='ltr'><strong>natura</strong></span> <span class='ocrx_word' id='word_1_75' title='bbox 1048 966 1214 1014; x_wconf 88' lang='lat' dir='ltr'><strong>reliquit,</strong></span> 
     </span>
     <span class='ocr_line' id='line_1_13' title="bbox 288 1029 1202 1078; baseline 0.002 -12"><span class='ocrx_word' id='word_1_76' title='bbox 288 1029 341 1067; x_wconf 92' lang='lat' dir='ltr'><strong>Et</strong></span> <span class='ocrx_word' id='word_1_77' title='bbox 370 1030 555 1068; x_wconf 86' lang='lat' dir='ltr'>monstris</span> <span class='ocrx_word' id='word_1_78' title='bbox 585 1031 731 1069; x_wconf 85' lang='lat' dir='ltr'><strong>similes</strong></span> <span class='ocrx_word' id='word_1_79' title='bbox 762 1032 905 1069; x_wconf 83' lang='lat' dir='ltr'><strong>fecerat</strong></span> <span class='ocrx_word' id='word_1_80' title='bbox 935 1043 1021 1069; x_wconf 90' lang='lat' dir='ltr'><strong>esse</strong></span> <span class='ocrx_word' id='word_1_81' title='bbox 1050 1029 1202 1078; x_wconf 80' lang='lat' dir='ltr'><strong>boues3</strong></span> 
     </span>
     <span class='ocr_line' id='line_1_14' title="bbox 287 1095 1369 1145; baseline 0.003 -14"><span class='ocrx_word' id='word_1_82' title='bbox 287 1095 534 1145; x_wconf 87' lang='lat' dir='ltr'><strong>Vrsinosque</strong></span> <span class='ocrx_word' id='word_1_83' title='bbox 564 1096 686 1145; x_wconf 91' lang='lat' dir='ltr'><strong>pedes</strong></span> <span class='ocrx_word' id='word_1_84' title='bbox 716 1096 863 1133; x_wconf 80' lang='lat' dir='ltr'><strong>caudas</strong></span> <span class='ocrx_word' id='word_1_85' title='bbox 893 1096 1120 1144; x_wconf 82' lang='lat' dir='ltr'><strong>similesque</strong></span> <span class='ocrx_word' id='word_1_86' title='bbox 1150 1095 1369 1134; x_wconf 84' lang='lat' dir='ltr'>draconum</span> 
     </span>
     <span class='ocr_line' id='line_1_15' title="bbox 288 1160 1273 1210; baseline 0.001 -12"><span class='ocrx_word' id='word_1_87' title='bbox 288 1160 468 1208; x_wconf 84' lang='lat' dir='ltr'><strong>Gestant,</strong></span> <span class='ocrx_word' id='word_1_88' title='bbox 499 1174 579 1210; x_wconf 86' lang='lat' dir='ltr'><strong>quo</strong></span> <span class='ocrx_word' id='word_1_89' title='bbox 608 1161 776 1209; x_wconf 84' lang='lat' dir='ltr'><strong>pauidus</strong></span> <span class='ocrx_word' id='word_1_90' title='bbox 807 1161 936 1198; x_wconf 87' lang='lat' dir='ltr'><strong>omnis</strong></span> <span class='ocrx_word' id='word_1_91' title='bbox 965 1160 1149 1198; x_wconf 83' lang='lat' dir='ltr'><strong>abhorret</strong></span> <span class='ocrx_word' id='word_1_92' title='bbox 1180 1173 1273 1200; x_wconf 88' lang='lat' dir='ltr'><strong>eos:</strong></span> 
     </span>
     <span class='ocr_line' id='line_1_16' title="bbox 288 1224 1295 1275; baseline 0.002 -13"><span class='ocrx_word' id='word_1_93' title='bbox 288 1226 528 1275; x_wconf 84' lang='lat' dir='ltr'><strong>Sulphureas</strong></span> <span class='ocrx_word' id='word_1_94' title='bbox 559 1226 737 1263; x_wconf 81' lang='lat' dir='ltr'><strong>flammas</strong></span> <span class='ocrx_word' id='word_1_95' title='bbox 767 1226 952 1263; x_wconf 88' lang='lat' dir='ltr'><strong>emittunt</strong></span> <span class='ocrx_word' id='word_1_96' title='bbox 982 1225 1059 1263; x_wconf 86' lang='lat' dir='ltr'><strong>oris</strong></span> <span class='ocrx_word' id='word_1_97' title='bbox 1089 1224 1140 1263; x_wconf 85' lang='lat' dir='ltr'><strong>ab</strong></span> <span class='ocrx_word' id='word_1_98' title='bbox 1169 1232 1295 1273; x_wconf 80' lang='lat' dir='ltr'><strong>antro,</strong></span> 
     </span>
     <span class='ocr_line' id='line_1_17' title="bbox 289 1291 1276 1340; baseline 0.001 -12"><span class='ocrx_word' id='word_1_99' title='bbox 289 1291 410 1339; x_wconf 83' lang='lat' dir='ltr'><strong>Quas,</strong></span> <span class='ocrx_word' id='word_1_100' title='bbox 442 1291 508 1329; x_wconf 91' lang='lat' dir='ltr'><strong>vbi</strong></span> <span class='ocrx_word' id='word_1_101' title='bbox 537 1291 713 1340; x_wconf 83' lang='lat' dir='ltr'><strong>disperse</strong></span> <span class='ocrx_word' id='word_1_102' title='bbox 742 1297 844 1337; x_wconf 88' lang='lat' dir='ltr'><strong>sunt,</strong></span> <span class='ocrx_word' id='word_1_103' title='bbox 876 1303 979 1340; x_wconf 84' lang='lat' dir='ltr'><strong>aqua</strong></span> <span class='ocrx_word' id='word_1_104' title='bbox 1009 1291 1116 1328; x_wconf 84' lang='lat' dir='ltr'><strong>nulla</strong></span> <span class='ocrx_word' id='word_1_105' title='bbox 1145 1291 1276 1338; x_wconf 83' lang='lat' dir='ltr'><strong>fugat:</strong></span> 
     </span>
     <span class='ocr_line' id='line_1_18' title="bbox 289 1355 1411 1406; baseline 0.001 -12"><span class='ocrx_word' id='word_1_106' title='bbox 289 1357 345 1394; x_wconf 87' lang='lat' dir='ltr'><strong>Sit</strong></span> <span class='ocrx_word' id='word_1_107' title='bbox 375 1356 472 1406; x_wconf 88' lang='lat' dir='ltr'><strong>lapis</strong></span> <span class='ocrx_word' id='word_1_108' title='bbox 501 1363 568 1394; x_wconf 87' lang='lat' dir='ltr'><strong>aut</strong></span> <span class='ocrx_word' id='word_1_109' title='bbox 598 1356 759 1406; x_wconf 84' lang='lat' dir='ltr'><strong>lignum,</strong></span> <span class='ocrx_word' id='word_1_110' title='bbox 793 1356 906 1394; x_wconf 86' lang='lat' dir='ltr'><strong>fuerit</strong></span> <span class='ocrx_word' id='word_1_111' title='bbox 936 1362 994 1394; x_wconf 85' lang='lat' dir='ltr'><strong>set</strong></span> <span class='ocrx_word' id='word_1_112' title='bbox 1024 1355 1214 1405; x_wconf 88' lang='lat' dir='ltr'><strong>quicquid</strong></span> <span class='ocrx_word' id='word_1_113' title='bbox 1243 1355 1295 1394; x_wconf 86' lang='lat' dir='ltr'><strong>ab</strong></span> <span class='ocrx_word' id='word_1_114' title='bbox 1324 1364 1411 1395; x_wconf 90' lang='lat' dir='ltr'><strong>estu</strong></span> 
     </span>
     <span class='ocr_line' id='line_1_19' title="bbox 288 1421 1651 1471; baseline 0.001 -13"><span class='ocrx_word' id='word_1_115' title='bbox 288 1422 469 1469; x_wconf 86' lang='lat' dir='ltr'><strong>Tactum‚</strong></span> <span class='ocrx_word' id='word_1_116' title='bbox 501 1422 778 1460; x_wconf 86' lang='lat' dir='ltr'><strong>comminuens</strong></span> <span class='ocrx_word' id='word_1_117' title='bbox 809 1422 923 1471; x_wconf 83' lang='lat' dir='ltr'><strong>ignea</strong></span> <span class='ocrx_word' id='word_1_118' title='bbox 952 1421 1111 1458; x_wconf 83' lang='lat' dir='ltr'><strong>flamma</strong></span> <span class='ocrx_word' id='word_1_119' title='bbox 1140 1427 1262 1459; x_wconf 83' lang='lat' dir='ltr'><strong>vorat.</strong></span> <span class='ocrx_word' id='word_1_120' title='bbox 1588 1429 1651 1459; x_wconf 80' lang='lat'><strong>260</strong></span> 
     </span>
     <span class='ocr_line' id='line_1_20' title="bbox 289 1486 1340 1536; baseline 0 -12"><span class='ocrx_word' id='word_1_121' title='bbox 289 1487 381 1524; x_wconf 92' lang='lat' dir='ltr'><strong>Hec</strong></span> <span class='ocrx_word' id='word_1_122' title='bbox 409 1494 586 1525; x_wconf 82' lang='lat' dir='ltr'><strong>armenta</strong></span> <span class='ocrx_word' id='word_1_123' title='bbox 616 1487 752 1536; x_wconf 86' lang='lat' dir='ltr'><strong>nequit</strong></span> <span class='ocrx_word' id='word_1_124' title='bbox 780 1487 921 1536; x_wconf 83' lang='lat' dir='ltr'><strong>aliquis</strong></span> <span class='ocrx_word' id='word_1_125' title='bbox 951 1486 1165 1524; x_wconf 85' lang='lat' dir='ltr'><strong>defendere</strong></span> <span class='ocrx_word' id='word_1_126' title='bbox 1195 1493 1340 1536; x_wconf 79' lang='lat' dir='ltr'><strong>pastor,</strong></span> 
     </span>
     <span class='ocr_line' id='line_1_21' title="bbox 288 1550 1362 1602; baseline -0.001 -13"><span class='ocrx_word' id='word_1_127' title='bbox 288 1552 397 1600; x_wconf 88' lang='lat' dir='ltr'><strong>Quin</strong></span> <span class='ocrx_word' id='word_1_128' title='bbox 428 1553 550 1602; x_wconf 83' lang='lat' dir='ltr'><strong>magis</strong></span> <span class='ocrx_word' id='word_1_129' title='bbox 580 1553 619 1590; x_wconf 92' lang='lat' dir='ltr'><strong>in</strong></span> <span class='ocrx_word' id='word_1_130' title='bbox 650 1553 870 1602; x_wconf 87' lang='lat' dir='ltr'><strong>dampnum</strong></span> <span class='ocrx_word' id='word_1_131' title='bbox 900 1552 997 1589; x_wconf 90' lang='lat' dir='ltr'><strong>ruris</strong></span> <span class='ocrx_word' id='word_1_132' title='bbox 1027 1558 1064 1590; x_wconf 88' lang='lat' dir='ltr'><strong>et</strong></span> <span class='ocrx_word' id='word_1_133' title='bbox 1093 1550 1198 1590; x_wconf 91' lang='lat' dir='ltr'><strong>vrbis</strong></span> <span class='ocrx_word' id='word_1_134' title='bbox 1228 1558 1362 1601; x_wconf 85' lang='lat' dir='ltr'><strong>agunt.</strong></span> 
     </span>
     <span class='ocr_line' id='line_1_22' title="bbox 343 1617 1380 1667; baseline 0.001 -12"><span class='ocrx_word' id='word_1_135' title='bbox 343 1618 391 1655; x_wconf 93' lang='lat' dir='ltr'><strong>In</strong></span> <span class='ocrx_word' id='word_1_136' title='bbox 422 1618 595 1657; x_wconf 89' lang='lat' dir='ltr'><strong>Colchos</strong></span> <span class='ocrx_word' id='word_1_137' title='bbox 625 1618 762 1666; x_wconf 83' lang='lat' dir='ltr'><strong>thauri,</strong></span> <span class='ocrx_word' id='word_1_138' title='bbox 794 1630 895 1667; x_wconf 83' lang='lat' dir='ltr'><strong>quos</strong></span> <span class='ocrx_word' id='word_1_139' title='bbox 924 1617 1016 1656; x_wconf 88' lang='lat' dir='ltr'><strong>vicit</strong></span> <span class='ocrx_word' id='word_1_140' title='bbox 1045 1617 1181 1655; x_wconf 86' lang='lat' dir='ltr'><strong>dextra</strong></span> <span class='ocrx_word' id='word_1_141' title='bbox 1213 1618 1380 1665; x_wconf 85' lang='lat' dir='ltr'><strong>Iasonis,</strong></span> 
     </span>
     <span class='ocr_line' id='line_1_23' title="bbox 289 1683 1213 1733; baseline -0.002 -12"><span class='ocrx_word' id='word_1_142' title='bbox 289 1683 383 1721; x_wconf 90' lang='lat' dir='ltr'><strong>Non</strong></span> <span class='ocrx_word' id='word_1_143' title='bbox 413 1683 466 1721; x_wconf 87' lang='lat' dir='ltr'><strong>ita</strong></span> <span class='ocrx_word' id='word_1_144' title='bbox 495 1684 716 1733; x_wconf 88' lang='lat' dir='ltr'><strong>sulphureis</strong></span> <span class='ocrx_word' id='word_1_145' title='bbox 746 1683 901 1733; x_wconf 83' lang='lat' dir='ltr'><strong>ignibus</strong></span> <span class='ocrx_word' id='word_1_146' title='bbox 931 1695 998 1721; x_wconf 79' lang='lat' dir='ltr'><strong>ora</strong></span> <span class='ocrx_word' id='word_1_147' title='bbox 1027 1683 1213 1729; x_wconf 84' lang='lat' dir='ltr'><strong>fremunt,</strong></span> 
     </span>
     <span class='ocr_line' id='line_1_24' title="bbox 288 1748 1316 1798; baseline 0 -13"><span class='ocrx_word' id='word_1_148' title='bbox 288 1749 397 1797; x_wconf 88' lang='lat' dir='ltr'><strong>Quin</strong></span> <span class='ocrx_word' id='word_1_149' title='bbox 427 1750 550 1798; x_wconf 86' lang='lat' dir='ltr'><strong>magis</strong></span> <span class='ocrx_word' id='word_1_150' title='bbox 580 1750 669 1798; x_wconf 86' lang='lat' dir='ltr'><strong>igne</strong></span> <span class='ocrx_word' id='word_1_151' title='bbox 700 1748 823 1787; x_wconf 92' lang='lat' dir='ltr'><strong>boues</strong></span> <span class='ocrx_word' id='word_1_152' title='bbox 853 1748 915 1786; x_wconf 90' lang='lat' dir='ltr'><strong>isti</strong></span> <span class='ocrx_word' id='word_1_153' title='bbox 945 1748 1183 1797; x_wconf 84' lang='lat' dir='ltr'><strong>crepitancia</strong></span> <span class='ocrx_word' id='word_1_154' title='bbox 1211 1754 1316 1786; x_wconf 83' lang='lat' dir='ltr'><strong>tecta</strong></span> 
     </span>
     <span class='ocr_line' id='line_1_25' title="bbox 288 1813 1243 1863; baseline -0.002 -12"><span class='ocrx_word' id='word_1_155' title='bbox 288 1814 528 1861; x_wconf 84' lang='lat' dir='ltr'><strong>Incendunt,</strong></span> <span class='ocrx_word' id='word_1_156' title='bbox 560 1826 638 1863; x_wconf 89' lang='lat' dir='ltr'><strong>que</strong></span> <span class='ocrx_word' id='word_1_157' title='bbox 667 1814 746 1852; x_wconf 90' lang='lat' dir='ltr'><strong>suis</strong></span> <span class='ocrx_word' id='word_1_158' title='bbox 776 1813 932 1851; x_wconf 85' lang='lat' dir='ltr'><strong>flatibus</strong></span> <span class='ocrx_word' id='word_1_159' title='bbox 963 1814 1027 1850; x_wconf 84' lang='lat' dir='ltr'><strong>illa</strong></span> <span class='ocrx_word' id='word_1_160' title='bbox 1056 1819 1243 1850; x_wconf 84' lang='lat' dir='ltr'><strong>cremant.</strong></span> 
     </span>
     <span class='ocr_line' id='line_1_26' title="bbox 288 1877 1351 1927; baseline -0.002 -11"><span class='ocrx_word' id='word_1_161' title='bbox 288 1879 382 1916; x_wconf 90' lang='lat' dir='ltr'><strong>Non</strong></span> <span class='ocrx_word' id='word_1_162' title='bbox 413 1879 548 1917; x_wconf 90' lang='lat' dir='ltr'><strong>Minos</strong></span> <span class='ocrx_word' id='word_1_163' title='bbox 577 1885 722 1926; x_wconf 73' lang='lat' dir='ltr'><strong>taurus,</strong></span> <span class='ocrx_word' id='word_1_164' title='bbox 753 1891 873 1927; x_wconf 84' lang='lat' dir='ltr'><strong>quem</strong></span> <span class='ocrx_word' id='word_1_165' title='bbox 905 1879 1115 1926; x_wconf 84' lang='lat' dir='ltr'><strong>Neptunus</strong></span> <span class='ocrx_word' id='word_1_166' title='bbox 1145 1877 1256 1915; x_wconf 86' lang='lat' dir='ltr'><strong>dedit</strong></span> <span class='ocrx_word' id='word_1_167' title='bbox 1285 1877 1351 1924; x_wconf 85' lang='lat' dir='ltr'><strong>illi,</strong></span> 
     </span>
     <span class='ocr_line' id='line_1_27' title="bbox 288 1942 1224 1993; baseline -0.003 -11"><span class='ocrx_word' id='word_1_168' title='bbox 288 1944 352 1982; x_wconf 89' lang='lat' dir='ltr'><strong>Sic</strong></span> <span class='ocrx_word' id='word_1_169' title='bbox 382 1944 517 1981; x_wconf 86' lang='lat' dir='ltr'><strong>nocuit</strong></span> <span class='ocrx_word' id='word_1_170' title='bbox 545 1944 707 1993; x_wconf 84' lang='lat' dir='ltr'><strong>campis,</strong></span> <span class='ocrx_word' id='word_1_171' title='bbox 740 1944 836 1982; x_wconf 88' lang='lat' dir='ltr'><strong>dum</strong></span> <span class='ocrx_word' id='word_1_172' title='bbox 866 1942 1102 1981; x_wconf 84' lang='lat' dir='ltr'><strong>furibundus</strong></span> <span class='ocrx_word' id='word_1_173' title='bbox 1133 1948 1224 1989; x_wconf 84' lang='lat' dir='ltr'><strong>erat,</strong></span> 
     </span>
     <span class='ocr_line' id='line_1_28' title="bbox 288 2006 1378 2058; baseline -0.001 -12"><span class='ocrx_word' id='word_1_174' title='bbox 288 2009 397 2057; x_wconf 84' lang='lat' dir='ltr'><strong>Quin</strong></span> <span class='ocrx_word' id='word_1_175' title='bbox 427 2009 551 2058; x_wconf 82' lang='lat' dir='ltr'><strong>magis</strong></span> <span class='ocrx_word' id='word_1_176' title='bbox 579 2021 673 2046; x_wconf 76' lang='lat' dir='ltr'><strong>arua</strong></span> <span class='ocrx_word' id='word_1_177' title='bbox 702 2008 828 2047; x_wconf 93' lang='lat' dir='ltr'><strong>boues</strong></span> <span class='ocrx_word' id='word_1_178' title='bbox 858 2008 920 2046; x_wconf 84' lang='lat' dir='ltr'><strong>isti</strong></span> <span class='ocrx_word' id='word_1_179' title='bbox 949 2014 1114 2054; x_wconf 79' lang='lat' dir='ltr'><strong>vastant,</strong></span> <span class='ocrx_word' id='word_1_180' title='bbox 1146 2014 1184 2045; x_wconf 91' lang='lat' dir='ltr'><strong>et</strong></span> <span class='ocrx_word' id='word_1_181' title='bbox 1214 2007 1254 2044; x_wconf 91' lang='lat' dir='ltr'><strong>in</strong></span> <span class='ocrx_word' id='word_1_182' title='bbox 1283 2006 1378 2045; x_wconf 86' lang='lat' dir='ltr'><strong>vrbe</strong></span> 
     </span>
     <span class='ocr_line' id='line_1_29' title="bbox 289 2073 1648 2123; baseline -0.002 -12"><span class='ocrx_word' id='word_1_183' title='bbox 289 2074 463 2112; x_wconf 82' lang='lat' dir='ltr'><strong>Horrida</strong></span> <span class='ocrx_word' id='word_1_184' title='bbox 492 2074 564 2112; x_wconf 90' lang='lat' dir='ltr'><strong>rite</strong></span> <span class='ocrx_word' id='word_1_185' title='bbox 592 2086 665 2111; x_wconf 93' lang='lat' dir='ltr'><strong>suo</strong></span> <span class='ocrx_word' id='word_1_186' title='bbox 694 2074 868 2123; x_wconf 81' lang='lat' dir='ltr'><strong>dampna</strong></span> <span class='ocrx_word' id='word_1_187' title='bbox 897 2073 1026 2111; x_wconf 87' lang='lat' dir='ltr'><strong>furore</strong></span> <span class='ocrx_word' id='word_1_188' title='bbox 1055 2078 1206 2121; x_wconf 84' lang='lat' dir='ltr'><strong>parant.</strong></span> <span class='ocrx_word' id='word_1_189' title='bbox 1585 2087 1648 2120; x_wconf 82' lang='lat'><strong>270</strong></span> 
     </span>
     <span class='ocr_line' id='line_1_30' title="bbox 289 2137 1355 2188; baseline -0.002 -12"><span class='ocrx_word' id='word_1_190' title='bbox 289 2139 441 2177; x_wconf 87' lang='lat' dir='ltr'><strong>Nessus</strong></span> <span class='ocrx_word' id='word_1_191' title='bbox 470 2145 508 2177; x_wconf 90' lang='lat' dir='ltr'><strong>et</strong></span> <span class='ocrx_word' id='word_1_192' title='bbox 537 2139 577 2176; x_wconf 92' lang='lat' dir='ltr'><strong>in</strong></span> <span class='ocrx_word' id='word_1_193' title='bbox 607 2139 706 2177; x_wconf 85' lang='lat' dir='ltr'><strong>tauri</strong></span> <span class='ocrx_word' id='word_1_194' title='bbox 736 2139 937 2188; x_wconf 86' lang='lat' dir='ltr'><strong>specimen</strong></span> <span class='ocrx_word' id='word_1_195' title='bbox 967 2143 1142 2175; x_wconf 82' lang='lat' dir='ltr'><strong>mutatus</strong></span> <span class='ocrx_word' id='word_1_196' title='bbox 1171 2144 1209 2175; x_wconf 87' lang='lat' dir='ltr'><strong>et</strong></span> <span class='ocrx_word' id='word_1_197' title='bbox 1238 2137 1355 2174; x_wconf 89' lang='lat' dir='ltr'><strong>armis</strong></span> 
     </span>
     <span class='ocr_line' id='line_1_31' title="bbox 287 2202 1242 2252; baseline -0.001 -11"><span class='ocrx_word' id='word_1_198' title='bbox 287 2204 426 2242; x_wconf 90' lang='lat' dir='ltr'><strong>Victus</strong></span> <span class='ocrx_word' id='word_1_199' title='bbox 456 2203 507 2242; x_wconf 86' lang='lat' dir='ltr'><strong>ab</strong></span> <span class='ocrx_word' id='word_1_200' title='bbox 538 2204 697 2252; x_wconf 85' lang='lat' dir='ltr'><strong>Eacide,</strong></span> <span class='ocrx_word' id='word_1_201' title='bbox 729 2204 826 2242; x_wconf 87' lang='lat' dir='ltr'><strong>dum</strong></span> <span class='ocrx_word' id='word_1_202' title='bbox 856 2203 930 2242; x_wconf 89' lang='lat' dir='ltr'><strong>sibi</strong></span> <span class='ocrx_word' id='word_1_203' title='bbox 960 2202 1064 2241; x_wconf 85' lang='lat' dir='ltr'><strong>bella</strong></span> <span class='ocrx_word' id='word_1_204' title='bbox 1094 2209 1242 2249; x_wconf 88' lang='lat' dir='ltr'><strong>mouet,</strong></span> 
     </span>
     <span class='ocr_line' id='line_1_32' title="bbox 286 2267 1473 2319; baseline -0.001 -13"><span class='ocrx_word' id='word_1_205' title='bbox 286 2270 389 2307; x_wconf 82' lang='lat' dir='ltr'><strong>Tam</strong></span> <span class='ocrx_word' id='word_1_206' title='bbox 419 2281 550 2319; x_wconf 88' lang='lat' dir='ltr'><strong>neque</strong></span> <span class='ocrx_word' id='word_1_207' title='bbox 580 2269 767 2308; x_wconf 84' lang='lat' dir='ltr'><strong>Centauri</strong></span> <span class='ocrx_word' id='word_1_208' title='bbox 797 2281 871 2307; x_wconf 90' lang='lat' dir='ltr'><strong>nec</strong></span> <span class='ocrx_word' id='word_1_209' title='bbox 901 2275 939 2306; x_wconf 89' lang='lat' dir='ltr'><strong>et</strong></span> <span class='ocrx_word' id='word_1_210' title='bbox 968 2268 1052 2318; x_wconf 88' lang='lat' dir='ltr'><strong>ipse</strong></span> <span class='ocrx_word' id='word_1_211' title='bbox 1081 2268 1190 2306; x_wconf 87' lang='lat' dir='ltr'><strong>ferox</strong></span> <span class='ocrx_word' id='word_1_212' title='bbox 1220 2267 1473 2306; x_wconf 83' lang='lat' dir='ltr'><strong>Minotaurus</strong></span> 
     </span>
     <span class='ocr_line' id='line_1_33' title="bbox 288 2332 1276 2383; baseline -0.002 -11"><span class='ocrx_word' id='word_1_213' title='bbox 288 2335 383 2372; x_wconf 91' lang='lat' dir='ltr'><strong>Hoc</strong></span> <span class='ocrx_word' id='word_1_214' title='bbox 412 2334 627 2373; x_wconf 85' lang='lat' dir='ltr'><strong>metuenda</strong></span> <span class='ocrx_word' id='word_1_215' title='bbox 655 2334 744 2372; x_wconf 92' lang='lat' dir='ltr'><strong>viris</strong></span> <span class='ocrx_word' id='word_1_216' title='bbox 774 2340 952 2383; x_wconf 87' lang='lat' dir='ltr'><strong>tempore</strong></span> <span class='ocrx_word' id='word_1_217' title='bbox 982 2333 1086 2371; x_wconf 83' lang='lat' dir='ltr'><strong>bella</strong></span> <span class='ocrx_word' id='word_1_218' title='bbox 1115 2332 1276 2379; x_wconf 84' lang='lat' dir='ltr'><strong>dabant,</strong></span> 
     </span>
     <span class='ocr_line' id='line_1_34' title="bbox 288 2398 1293 2448; baseline -0.002 -12"><span class='ocrx_word' id='word_1_219' title='bbox 288 2399 398 2447; x_wconf 83' lang='lat' dir='ltr'><strong>Quin</strong></span> <span class='ocrx_word' id='word_1_220' title='bbox 427 2399 550 2448; x_wconf 84' lang='lat' dir='ltr'><strong>magis</strong></span> <span class='ocrx_word' id='word_1_221' title='bbox 581 2411 674 2437; x_wconf 92' lang='lat' dir='ltr'><strong>ecce</strong></span> <span class='ocrx_word' id='word_1_222' title='bbox 703 2398 828 2436; x_wconf 89' lang='lat' dir='ltr'><strong>boues</strong></span> <span class='ocrx_word' id='word_1_223' title='bbox 858 2398 920 2436; x_wconf 85' lang='lat' dir='ltr'><strong>isti</strong></span> <span class='ocrx_word' id='word_1_224' title='bbox 951 2398 1141 2436; x_wconf 89' lang='lat' dir='ltr'><strong>violenter</strong></span> <span class='ocrx_word' id='word_1_225' title='bbox 1168 2404 1293 2435; x_wconf 83' lang='lat' dir='ltr'><strong>aratra</strong></span> 
     </span>
     <span class='ocr_line' id='line_1_35' title="bbox 289 2463 1237 2513; baseline -0.002 -12"><span class='ocrx_word' id='word_1_226' title='bbox 289 2463 545 2513; x_wconf 81' lang='lat' dir='ltr'><strong>Linquentes,</strong></span> <span class='ocrx_word' id='word_1_227' title='bbox 577 2464 785 2502; x_wconf 90' lang='lat' dir='ltr'><strong>hominum</strong></span> <span class='ocrx_word' id='word_1_228' title='bbox 815 2463 1055 2501; x_wconf 89' lang='lat' dir='ltr'><strong>constituere</strong></span> <span class='ocrx_word' id='word_1_229' title='bbox 1085 2474 1237 2500; x_wconf 88' lang='lat' dir='ltr'><strong>necem.</strong></span> 
     </span>
     <span class='ocr_line' id='line_1_36' title="bbox 343 2528 1330 2578; baseline -0.001 -13"><span class='ocrx_word' id='word_1_230' title='bbox 343 2529 466 2566; x_wconf 85' lang='lat' dir='ltr'><strong>Arma</strong></span> <span class='ocrx_word' id='word_1_231' title='bbox 494 2529 553 2566; x_wconf 91' lang='lat' dir='ltr'><strong>sui</strong></span> <span class='ocrx_word' id='word_1_232' title='bbox 582 2541 728 2567; x_wconf 84' lang='lat' dir='ltr'><strong>vacuos</strong></span> <span class='ocrx_word' id='word_1_233' title='bbox 757 2528 886 2578; x_wconf 89' lang='lat' dir='ltr'><strong>operis</strong></span> <span class='ocrx_word' id='word_1_234' title='bbox 916 2528 1092 2577; x_wconf 84' lang='lat' dir='ltr'><strong>dispersa</strong></span> <span class='ocrx_word' id='word_1_235' title='bbox 1120 2539 1190 2576; x_wconf 92' lang='lat' dir='ltr'><strong>per</strong></span> <span class='ocrx_word' id='word_1_236' title='bbox 1218 2538 1330 2576; x_wconf 85' lang='lat' dir='ltr'><strong>agros</strong></span> 
     </span>
     <span class='ocr_line' id='line_1_37' title="bbox 289 2591 1306 2643; baseline -0.002 -12"><span class='ocrx_word' id='word_1_237' title='bbox 289 2594 477 2643; x_wconf 89' lang='lat' dir='ltr'><strong>Linqunt‚</strong></span> <span class='ocrx_word' id='word_1_238' title='bbox 510 2606 583 2632; x_wconf 90' lang='lat' dir='ltr'><strong>nec</strong></span> <span class='ocrx_word' id='word_1_239' title='bbox 613 2595 774 2632; x_wconf 89' lang='lat' dir='ltr'><strong>solitum</strong></span> <span class='ocrx_word' id='word_1_240' title='bbox 804 2594 863 2631; x_wconf 89' lang='lat' dir='ltr'><strong>ius</strong></span> <span class='ocrx_word' id='word_1_241' title='bbox 893 2592 967 2631; x_wconf 89' lang='lat' dir='ltr'><strong>sibi</strong></span> <span class='ocrx_word' id='word_1_242' title='bbox 996 2605 1133 2631; x_wconf 88' lang='lat' dir='ltr'><strong>vomer</strong></span> <span class='ocrx_word' id='word_1_243' title='bbox 1160 2591 1280 2629; x_wconf 84' lang='lat' dir='ltr'><strong>habet</strong></span> <span class='ocrx_word' id='word_1_244' title='bbox 1296 2605 1306 2639; x_wconf 89' lang='lat'>;</span> 
     </span>
     <span class='ocr_line' id='line_1_38' title="bbox 290 2657 1328 2707; baseline -0.004 -10"><span class='ocrx_word' id='word_1_245' title='bbox 290 2660 396 2697; x_wconf 91' lang='lat' dir='ltr'><strong>Ecce</strong></span> <span class='ocrx_word' id='word_1_246' title='bbox 425 2659 554 2697; x_wconf 80' lang='lat' dir='ltr'><strong>iacent</strong></span> <span class='ocrx_word' id='word_1_247' title='bbox 581 2660 703 2707; x_wconf 86' lang='lat' dir='ltr'><strong>rastri,</strong></span> <span class='ocrx_word' id='word_1_248' title='bbox 735 2660 790 2697; x_wconf 88' lang='lat' dir='ltr'><strong>sic</strong></span> <span class='ocrx_word' id='word_1_249' title='bbox 820 2659 970 2697; x_wconf 80' lang='lat' dir='ltr'><strong>sarcula</strong></span> <span class='ocrx_word' id='word_1_250' title='bbox 1000 2658 1136 2707; x_wconf 88' lang='lat' dir='ltr'><strong>sicque</strong></span> <span class='ocrx_word' id='word_1_251' title='bbox 1165 2657 1328 2706; x_wconf 89' lang='lat' dir='ltr'><strong>ligones,</strong></span> 
     </span>
     <span class='ocr_line' id='line_1_39' title="bbox 289 2722 1649 2774; baseline -0.001 -12"><span class='ocrx_word' id='word_1_252' title='bbox 289 2724 415 2772; x_wconf 89' lang='lat' dir='ltr'><strong>Buris,</strong></span> <span class='ocrx_word' id='word_1_253' title='bbox 447 2723 563 2771; x_wconf 88' lang='lat' dir='ltr'><strong>trabs,</strong></span> <span class='ocrx_word' id='word_1_254' title='bbox 595 2725 776 2774; x_wconf 89' lang='lat' dir='ltr'><strong>crapulus</strong></span> <span class='ocrx_word' id='word_1_255' title='bbox 806 2731 898 2762; x_wconf 91' lang='lat' dir='ltr'><strong>sunt</strong></span> <span class='ocrx_word' id='word_1_256' title='bbox 928 2735 1059 2773; x_wconf 86' lang='lat' dir='ltr'><strong>neque</strong></span> <span class='ocrx_word' id='word_1_257' title='bbox 1089 2722 1200 2761; x_wconf 89' lang='lat' dir='ltr'><strong>restis</strong></span> <span class='ocrx_word' id='word_1_258' title='bbox 1230 2722 1285 2760; x_wconf 91' lang='lat' dir='ltr'><strong>eis</strong></span> <span class='ocrx_word' id='word_1_259' title='bbox 1300 2735 1311 2770; x_wconf 82' lang='lat'>3</span> <span class='ocrx_word' id='word_1_260' title='bbox 1585 2729 1649 2760; x_wconf 81' lang='lat'><strong>280</strong></span> 
     </span>
    </p>
   </div>
   <div class='ocr_carea' id='block_1_3' title="bbox 181 2806 1649 2904">
    <p class='ocr_par' dir='ltr' id='par_1_3' title="bbox 181 2806 1649 2904">
     <span class='ocr_line' id='line_1_40' title="bbox 225 2806 1649 2850; baseline -0.002 -9"><span class='ocrx_word' id='word_1_261' title='bbox 225 2819 290 2850; x_wconf 82' lang='lat'><strong>259</strong></span> <span class='ocrx_word' id='word_1_262' title='bbox 307 2810 364 2842; x_wconf 89' lang='lat' dir='ltr'><strong>Sic</strong></span> <span class='ocrx_word' id='word_1_263' title='bbox 375 2810 460 2841; x_wconf 78' lang='lat' dir='ltr'><strong>DH2</strong></span> <span class='ocrx_word' id='word_1_264' title='bbox 525 2810 590 2849; x_wconf 87' lang='lat'><strong>263</strong></span> <span class='ocrx_word' id='word_1_265' title='bbox 608 2810 720 2841; x_wconf 88' lang='lat' dir='ltr'><strong>thauri</strong></span> <span class='ocrx_word' id='word_1_266' title='bbox 738 2809 815 2842; x_wconf 78' lang='lat'>51—12</span> <span class='ocrx_word' id='word_1_267' title='bbox 861 2809 949 2841; x_wconf 89' lang='lat' dir='ltr'><strong>tauri</strong></span> <span class='ocrx_word' id='word_1_268' title='bbox 962 2807 1118 2840; x_wconf 89' lang='lat' dir='ltr'>CEGDT</span> <span class='ocrx_word' id='word_1_269' title='bbox 1191 2808 1257 2839; x_wconf 84' lang='lat'><strong>280</strong></span> <span class='ocrx_word' id='word_1_270' title='bbox 1273 2806 1431 2848; x_wconf 83' lang='lat' dir='ltr'><strong>crapulus</strong></span> <span class='ocrx_word' id='word_1_271' title='bbox 1449 2806 1649 2840; x_wconf 84' lang='lat' dir='ltr'>SCEGTH2</span> 
     </span>
     <span class='ocr_line' id='line_1_41' title="bbox 181 2862 364 2904; baseline -0.005 -10"><span class='ocrx_word' id='word_1_272' title='bbox 181 2862 317 2904; x_wconf 76' lang='lat' dir='ltr'><strong>capulus</strong></span> <span class='ocrx_word' id='word_1_273' title='bbox 333 2862 364 2893; x_wconf 95' lang='lat' dir='ltr'><strong>D</strong></span> 
     </span>
    </p>
   </div>
   <div class='ocr_carea' id='block_1_4' title="bbox 0 0 34 3173">
    <p class='ocr_par' dir='ltr' id='par_1_4' title="bbox 0 0 34 3173">
     <span class='ocr_line' id='line_1_42' title="bbox 0 0 34 3173; baseline 0 0"><span class='ocrx_word' id='word_1_274' title='bbox 0 0 34 3173; x_wconf 95' lang='lat' dir='ltr'><strong> </strong></span> 
     </span>
    </p>
   </div>
  </div>
 </body>
</html>
