2095 3173
372 207 422 257 73
839 205 970 247 vox
1011 205 1372 247 CLAMANris

480 313 589 350 Dum
619 312 725 350 furor
754 312 928 359 incurrit,
957 312 1127 350 currenti
1157 312 1256 350 cede
1285 312 1416 358 furori,

481 377 672 415 Difficiles
701 377 831 414 aditus
862 378 1032 425 impetus
1062 377 1192 414 omnis
1227 376 1373 424 habet,
1759 393 1845 425 2030

482 443 633 480 Desine
663 442 810 488 luctari,
842 442 1009 479 referant
1039 448 1106 478 tua
1135 440 1298 479 carbasa
1327 441 1445 489 venti,

480 508 613 557 thue
644 506 782 545 iubent
812 507 954 545 fluctus
983 507 1040 544 sic
1069 506 1141 544 tibi
1172 519 1303 545 remus
1333 514 1407 545 eat.

481 573 573 611 Siue
602 573 667 610 die
695 573 846 610 laxatur
875 573 1020 610 humus
1050 585 1119 610 seu
1150 572 1288 622 frigida
1317 573 1451 611 lucent

481 638 628 682 Sidera,
660 637 875 686 prospicias
905 650 982 687 que
1011 638 1109 675 freta
1137 646 1279 676 ventus
1308 638 1410 687 agit:

482 704 682 752 Tempora
711 703 812 740 sicut
841 710 955 741 erunt
985 704 1041 741 sic
1071 711 1109 742 te
1139 704 1409 753 circumspice,
1441 705 1560 752 nulla,

483 769 569 806 Sint
598 769 672 806 nisi
702 781 770 818 pre
799 769 995 816 manibus,
1028 769 1160 807 secula
1189 770 1270 807 visa
1299 781 1420 818 cape:

484 834 605 872 Ludit
635 834 674 872 in
705 835 889 872 humanis
920 835 1057 873 diuina
1085 835 1271 883 potencia
1300 834 1431 882 rebus,

483 900 534 937 Et
563 907 710 937 certam
741 912 902 948 presens
932 899 994 937 vix
1024 898 1145 953 habet
1174 899 1271 937 hora
1300 899 1434 937 fidem.

483 965 647 1014 Semper
674 977 767 1014 agas
796 965 970 1011 timidus,
1002 971 1041 1002 et
1070 976 1148 1013 que
1176 964 1248 1002 tibi
1277 965 1356 1003 leta
1385 965 1580 1012 videntur,

486 1032 594 1068 Dum
624 1030 795 1079 loqueris
826 1030 908 1068 fieri
938 1031 1061 1068 tristia
1090 1042 1208 1079 posse
1236 1036 1376 1079 putes:
1763 1045 1848 1078 2040

485 1095 566 1143 Qui
596 1095 683 1133 silet
713 1102 771 1133 est
800 1095 947 1142 firmus,
978 1095 1152 1145 loquitur
1180 1096 1248 1144 qui
1278 1095 1389 1145 plura
1417 1102 1591 1145 repente,

484 1160 634 1199 Probra
662 1160 755 1198 satis
787 1160 868 1198 fieri
899 1161 1070 1209 postulat
1102 1161 1186 1210 ipse
1215 1159 1303 1199 sibi.

487 1227 586 1265 Ocia
614 1238 758 1275 corpus
787 1226 908 1273 alunt,
940 1238 1083 1275 corpus
1113 1238 1275 1276 quoque
1304 1226 1476 1275 pascitur
1505 1226 1590 1273 illis,

488 1293 765 1342 Excessusque
793 1292 850 1330 tui
880 1292 1055 1341 dampna
1084 1291 1229 1330 laboris
1260 1290 1433 1330 habent:

485 1358 644 1397 Gaudet
673 1358 724 1396 de
753 1357 913 1395 modico
943 1365 1092 1405 natura,
1124 1364 1183 1395 set
1212 1357 1310 1395 illud
1338 1357 1576 1395 habundans

486 1424 609 1472 Quod
638 1423 755 1461 nimis
785 1430 843 1461 est
873 1423 1076 1461 hominem
1107 1435 1262 1472 semper
1291 1435 1405 1472 egere
1433 1423 1550 1462 facit:

485 1490 545 1528 Te
573 1496 707 1527 tamen
736 1489 948 1536 admoneo,
979 1488 1051 1527 tibi
1080 1501 1172 1526 cum
1201 1489 1298 1527 dent
1327 1489 1415 1527 ocia
1443 1495 1611 1538 tempus,

486 1554 690 1604 Quicquid
720 1554 759 1591 in
790 1554 866 1591 hoc
895 1566 1066 1603 sompno
1096 1554 1200 1591 visus
1230 1560 1268 1592 et
1297 1554 1400 1591 auris
1429 1552 1588 1599 habent,

487 1618 665 1657 Scribere
694 1619 866 1666 festines,
898 1630 989 1656 nam
1020 1618 1203 1667 sompnia
1231 1630 1325 1667 sepe
1353 1618 1529 1655 futurum

487 1685 688 1723 Indicium
716 1685 913 1723 reddunt.'
968 1684 1090 1722 Vocis
1120 1690 1159 1722 et
1188 1696 1282 1722 ecce
1311 1696 1433 1721 sonus
1764 1698 1852 1730 2050

483 1750 667 1799 Amplius
696 1750 771 1787 hiis
800 1749 916 1788 dictis
945 1762 1027 1787 non
1057 1757 1116 1788 est
1144 1749 1314 1796 auditus,
1347 1755 1386 1787 et
1415 1749 1482 1787 illo

484 1816 662 1865 Contigit
691 1822 731 1853 vt
759 1816 883 1864 gallus
913 1821 1092 1863 tempore
1121 1826 1231 1852 more
1260 1826 1333 1852 suo

484 1880 603 1919 Lucis
633 1881 673 1918 in
701 1892 841 1918 aurora
869 1886 1032 1917 cantum
1062 1879 1184 1927 dedit,
1215 1879 1321 1917 vnde
1349 1887 1503 1917 remoto

485 1947 688 1997 Euigilans
718 1958 889 1995 sompno
918 1945 974 1983 sic
1003 1945 1245 1994 stupefactus
1275 1957 1392 1991 eram,

484 2012 561 2049 Vix
589 2024 663 2062 ego
693 2012 803 2061 quod
832 2011 943 2060 potui
973 2023 1213 2060 cognoscere
1242 2011 1274 2048 si
1303 2011 1376 2048 fuit
1405 2017 1512 2048 extra

484 2077 640 2127 Corpus
671 2077 780 2126 quod
809 2076 900 2123 vidi,
933 2088 1002 2113 seu
1032 2076 1142 2124 quod
1171 2075 1331 2113 abintus
1361 2082 1455 2113 erat.

486 2143 606 2180 Nunc
635 2142 728 2191 quia
756 2149 815 2179 set
844 2141 961 2190 vigilo
989 2141 1127 2178 viuens
1157 2147 1302 2178 terrore
1331 2147 1496 2186 remoto,

485 2208 557 2245 Est
586 2219 676 2245 mea
703 2219 795 2244 cum
825 2206 991 2244 domino
1021 2217 1110 2255 spes
1140 2205 1263 2255 magis
1292 2212 1407 2243 aucta
1438 2217 1538 2242 meo.

423 2342 502 2376 Hic
519 2341 652 2377 reddit
668 2341 856 2384 vigilans
879 2340 1046 2383 gracias
1068 2339 1158 2381 deo,
1177 2339 1247 2383 qui
1265 2349 1357 2373 eum
1374 2339 1418 2373 in
1444 2339 1633 2382 sompnis
1653 2350 1678 2373 a
1696 2340 1847 2383 pelago

377 2400 584 2436 liberauit.

248 2471 376 2520 Capm.
399 2469 472 2507 xxi.
549 2467 702 2507 Clarius
731 2467 927 2516 aspiciens
956 2465 1080 2504 oculis
1109 2464 1362 2514 vigilantibus
1392 2463 1542 2512 orbem,

488 2533 688 2582 Nubeque
717 2532 882 2581 depulsa
911 2531 1158 2569 convaluisse
1187 2530 1304 2576 diem,
1765 2536 1851 2567 2060

488 2599 715 2648 Percipiens
744 2599 861 2636 furias
891 2597 1010 2636 veteri
1040 2597 1090 2635 de
1118 2597 1204 2646 lege
1233 2608 1438 2645 repressas,

489 2665 540 2702 Et
570 2676 675 2702 noua
704 2664 814 2713 quod
843 2664 1009 2701 fractum
1039 2662 1100 2700 lex
1129 2668 1346 2710 reparasset
1374 2661 1456 2708 iter,

490 2730 709 2778 Illesosque
739 2729 817 2767 mei
846 2740 954 2766 nunc
982 2728 1146 2777 palpans
1174 2727 1348 2775 corporis
1377 2734 1494 2773 artus,

490 2794 681 2832 Exultans
710 2794 896 2832 humeros
925 2793 1156 2831 sustinuisse
1185 2799 1314 2841 caput,

491 2860 627 2899 Creuit
655 2859 834 2897 amicicia
862 2866 973 2897 vetus
1003 2865 1042 2896 et
1071 2857 1168 2907 fugit
1197 2858 1368 2907 impetus
1398 2857 1461 2905 ire,
