2095 3173
675 245 864 287 LIBER
906 245 1146 287 PRIMUS

289 353 405 390 Tunc
434 365 505 391 sua
532 353 676 403 cuique
705 353 850 391 domus
879 351 1031 390 homini
1060 351 1216 390 funesta
1244 351 1411 398 videtur,

291 417 377 455 Nec
407 418 478 456 fuit
506 430 529 456 a
558 418 694 456 mortis
722 418 850 456 vlcere
880 424 1008 456 certus
1037 417 1170 455 homo.

345 483 393 520 In
425 483 548 521 nimio
577 483 691 521 tinxit
720 483 843 521 elatos
872 482 1064 531 sanguine
1093 482 1251 528 cultros,

290 548 398 585 Dum
427 560 497 586 sua
526 549 660 586 ruralis
690 548 857 585 rusticus
885 560 993 585 arma
1022 548 1142 596 gerit:

288 613 451 651 Parcere
481 625 555 650 nec
584 613 714 662 pueris
742 612 826 650 vult
855 612 999 661 impius
1028 618 1095 649 aut
1125 612 1291 658 mulieri,

286 678 425 716 Vastat
453 685 687 716 cunctorum
717 689 789 722 res,
819 677 917 723 loca,
951 678 1044 723 iura,
1074 678 1212 715 forum.

288 743 420 780 Nemo
452 749 581 792 potest
610 742 767 781 veniam
797 742 872 780 sub
901 754 948 780 ea
977 742 1129 780 feritate
1158 742 1311 788 mereri,

288 808 466 856 Impetus
496 808 649 846 illorum
680 808 815 846 terruit
844 820 964 846 omne
993 808 1145 846 solum:

287 871 430 911 Omnis
459 873 565 911 enim
595 873 699 923 vulgi
729 872 835 910 furiis
864 879 960 910 tunc
989 872 1103 910 turba
1132 871 1301 919 fauebat,

287 937 373 975 Nec
403 938 474 975 fuit
503 938 697 987 ingenuus
725 950 825 975 vnus
853 943 894 975 vt
923 936 1053 976 obstet
1082 938 1164 975 eis:

288 1002 381 1039 Non
412 1002 483 1040 fuit
513 1002 552 1039 in
582 1008 667 1040 toto
695 1003 848 1052 gladius
878 1003 939 1040 vel
968 1003 1106 1040 lancea
1135 1014 1257 1051 regno

286 1066 425 1104 Militis
454 1067 493 1104 in
524 1067 720 1112 manibus,
749 1079 830 1116 quo
859 1073 1014 1105 tueatur
1042 1079 1165 1116 opus:

288 1131 396 1168 Dum
426 1132 532 1169 furor
560 1132 761 1177 excrescit,
792 1132 888 1170 dum
918 1131 1062 1168 rustica
1091 1131 1205 1169 turba
1234 1130 1429 1177 tumescit,

286 1196 405 1234 Miles
436 1203 474 1234 vt
502 1195 712 1245 ambiguus
741 1196 785 1234 fit
814 1195 937 1244 magis
968 1195 1063 1233 inde
1092 1196 1191 1244 pius.

287 1261 458 1304 Milicies
487 1262 603 1299 cessit
632 1261 875 1310 paciensque
905 1261 1036 1299 locum
1067 1260 1178 1298 dedit
1207 1260 1273 1307 ire,

287 1327 395 1364 Dum
425 1326 513 1364 terit
543 1325 774 1376 improbitas
803 1337 882 1375 que
910 1325 1116 1375 probitatis
1146 1331 1280 1364 erant:

286 1390 467 1441 Occupat
496 1403 546 1430 en
576 1392 676 1430 talus
705 1392 793 1430 loca
821 1391 963 1438 cordis,
995 1391 1089 1428 iuris
1119 1398 1156 1429 et
1186 1402 1304 1435 error,

285 1456 372 1495 Nec
401 1456 579 1494 medicus
609 1455 750 1495 morbo
780 1456 868 1506 quis
898 1456 1094 1505 reputauit
1123 1468 1253 1505 opem.

284 1521 347 1560 Sic
377 1533 508 1571 neque
538 1521 731 1560 nobilium
762 1528 917 1559 scutum
947 1521 1008 1559 vel
1038 1521 1175 1559 lancea
1203 1521 1417 1571 quicquam

285 1585 461 1633 Obstitit,
491 1587 595 1626 vnde
624 1594 736 1626 vetus
765 1587 997 1625 fortificetur
1026 1587 1154 1625 honor
1169 1600 1179 1635 ;

283 1651 486 1702 Cassaque
514 1653 668 1690 iusticia
696 1660 834 1699 cessat,
865 1665 939 1691 nec
967 1652 1098 1690 cordis
1126 1651 1269 1702 agresti

282 1718 466 1767 Amplius
495 1718 679 1757 indomiti
708 1718 844 1757 debita
872 1719 955 1756 iura
983 1724 1103 1756 tenet.

337 1783 478 1833 Spacia
506 1784 613 1822 nulla
642 1784 776 1822 sinunt
805 1784 1070 1822 medicamina
1099 1783 1197 1821 ferre
1225 1783 1357 1828 furori,

283 1849 350 1887 Set
379 1849 470 1887 furit
500 1848 668 1888 ebrietas
697 1849 821 1887 maior
849 1849 900 1887 ad
930 1861 1050 1887 omne
1078 1849 1231 1888 scelus:

285 1914 377 1952 Hec
406 1914 509 1951 mala
537 1913 732 1963 corripere
761 1914 828 1963 qui
859 1913 1003 1952 vellent
1033 1925 1106 1950 nec
1137 1919 1361 1962 potuerunt,

286 1979 357 2016 Hii
388 1979 567 2017 lacrimas
596 1980 717 2017 animi
747 1979 857 2029 signa
885 1978 1032 2017 dedere
1061 1978 1144 2016 sui:

287 2044 468 2093 Quisque
497 2057 587 2082 suas
616 2045 806 2094 lacrymas
834 2044 915 2082 alto
944 2044 995 2082 de
1024 2043 1145 2081 corde
1173 2043 1318 2093 petitas

285 2109 433 2154 Edidit,
465 2115 503 2147 et
533 2110 653 2147 finem
684 2115 835 2158 spectat
862 2109 1002 2147 adesse
1031 2119 1157 2145 suum.

285 2175 456 2212 Lumina
484 2187 562 2224 que
590 2175 744 2213 fuerant
772 2174 879 2224 prius
907 2173 1015 2212 arida
1044 2172 1201 2222 letaque
1229 2173 1319 2220 risu,

285 2240 510 2290 Erumpunt
534 2241 694 2279 lacrime
722 2252 832 2278 more
860 2240 1018 2278 fluentis
1047 2249 1178 2286 aque3

285 2305 365 2354 Qui
394 2306 500 2355 prius
529 2318 577 2344 ex
606 2306 716 2344 nullo
745 2317 838 2343 casu
868 2305 1015 2344 deflere
1044 2306 1236 2352 solebant,

283 2371 337 2408 Vt
366 2370 503 2408 flerent
533 2371 670 2409 oculos
699 2370 878 2409 erudiere
906 2382 1022 2409 suos:

285 2435 424 2474 Flebat
453 2448 551 2474 auus
580 2435 780 2485 flebatque
809 2448 919 2474 soror
947 2435 1176 2485 flebantque
1204 2434 1372 2484 gemelli,

285 2501 377 2549 Que
404 2500 566 2539 videant
595 2501 700 2539 oculi
730 2501 785 2538 nil
814 2501 888 2538 nisi
918 2501 1026 2539 triste
1056 2501 1198 2539 ferunt.

283 2567 373 2604 Vox
401 2566 473 2604 fuit
503 2567 646 2604 ‘Heul
675 2568 748 2604 ve!
779 2566 871 2604 vel'
901 2572 1003 2612 sunt,
1033 2564 1244 2615 prodolor!
1273 2563 1409 2602 omnia

284 2631 432 2670 Omnia
460 2631 615 2669 solliciti
644 2631 761 2681 plena
789 2632 941 2670 timoris
970 2638 1104 2678 erant3

1594 258 1646 298 57

1562 942 1646 974 1260

1562 1598 1646 1633 1270

1560 2244 1645 2276 1280

1437 2563 1577 2609 luctus,

284 2696 427 2734 Omnis
456 2695 608 2735 habens
637 2696 827 2743 lacrimas,
861 2697 984 2745 ‘Quis
1013 2707 1078 2733 me
1107 2700 1242 2732 manet
1270 2693 1447 2732 exitus?'
1476 2693 1615 2743 inquit,

286 2760 456 2799 Nescius
484 2760 536 2799 ad
564 2773 682 2799 mane
710 2773 789 2810 que
818 2759 892 2799 sibi
922 2772 1010 2798 sero
1039 2760 1149 2798 foret.

222 2848 306 2888 1269
329 2847 399 2888 vel]
418 2857 481 2878 nec
499 2847 526 2878 C
647 2857 729 2887 1271
755 2852 866 2879 cessat
879 2845 1094 2878 CEHDTH2
1140 2844 1241 2876 cessit
1255 2843 1312 2876 SG

175 2904 315 2931 sumunt
331 2899 447 2940 spacia
465 2899 496 2929 D

1433 2854 1516 2885 1273
1541 2844 1642 2876 Nussa
