2121 3173
737 218 894 260 LAST
939 219 1145 260 POEMs
1593 224 1672 274 365

249 382 327 418 Hic
351 383 394 417 in
415 383 495 418 fine
521 382 754 417 notandum
781 385 847 418 est
877 384 1058 427 qualiter
1087 384 1139 418 ab
1164 384 1239 418 illa
1270 383 1449 419 Cronica
1477 394 1555 428 que
1578 383 1671 418 Vox

201 441 430 476 clamantis
460 442 610 476 dicitur
636 452 769 486 vsque
798 442 841 475 in
868 442 992 476 finem
1021 442 1144 477 istius
1170 441 1344 477 Cronice
1362 453 1439 486 que
1457 442 1672 486 tripertita

200 501 280 539 est,
301 500 390 543 Ego
408 500 520 534 inter
538 500 647 535 alios
671 500 908 535 scribentes
931 510 1055 544 super
1070 501 1154 535 hiis
1171 511 1249 545 que
1270 501 1405 536 medio
1424 502 1612 544 ternpore
1630 502 1672 535 in

200 558 358 601 Anglia
371 559 690 602 contingebant,
702 560 926 594 secundum
944 560 1093 594 varias
1111 570 1247 594 rerum
1266 560 1532 595 accidencias
1548 561 1673 594 varia

200 617 529 660 carmina,prout
540 620 670 661 patet,
679 628 756 661 que
769 617 819 651 ad
833 618 1051 661 legendum
1059 618 1303 653 necessaria
1315 621 1425 660 sunt,
1433 619 1673 653 notabiliter

201 675 444 719 conscripsi.
486 675 567 710 Sed
582 685 705 716 nunc,
718 676 814 719 quia
825 676 1004 710 vlterius
1018 676 1201 710 scribere
1214 687 1299 710 non
1314 676 1485 716 sufficio,
1499 686 1671 711 excusa-

201 733 334 768 cionis
351 743 442 768 mee
460 743 632 768 causam
652 735 822 778 scriptis
841 735 1192 777 subsequentibus
1209 735 1372 778 plenius
1391 734 1624 770 declarabo.

433 814 612 847 UICQUID
641 804 764 841 homo
794 802 948 850 scribat,
980 804 1101 841 finem
1130 810 1269 841 natura
1298 803 1503 851 ministrat,

460 869 550 917 Que
577 869 684 906 velut
712 868 849 906 vmbra
877 867 990 918 fugit,
1017 881 1090 906 nec
1119 868 1307 918 fugiendo
1336 868 1460 917 redit,

310 934 383 971 Illa
412 933 533 971 michi
563 934 683 971 finem
712 932 854 983 posuit,
887 947 967 983 quo
997 933 1166 972 scribere
1197 933 1415 983 quicquam

308 997 480 1036 Vlterius
509 997 668 1048 nequio,
700 1011 787 1036 sum
817 998 909 1047 quia
938 1011 1054 1036 cecus
1084 1011 1167 1048 ego.

310 1065 431 1101 Posse
460 1076 592 1101 meum
624 1063 771 1110 transit,
804 1063 985 1112 quamuis
1016 1063 1136 1101 michi
1166 1064 1266 1101 velle
1296 1062 1506 1111 remansit,

309 1128 491 1178 Amplius
521 1136 561 1166 vt
590 1128 733 1167 scribat
762 1130 839 1166 hoc
869 1128 989 1166 michi
1018 1141 1135 1178 posse
1164 1136 1291 1178 negat.

256 1273 280 1309 S
306 1285 350 1309 as
379 1273 513 1310 above:
553 1273 595 1309 in
627 1272 748 1311 CHG
778 1284 822 1309 as
838 1271 1023 1320 follows:

248 1348 360 1382 Nota
385 1348 452 1382 hic
475 1349 518 1382 in
548 1348 630 1382 fine
658 1348 838 1391 qualiter
866 1358 892 1381 a
921 1347 1125 1391 principio
1152 1347 1263 1382 illius
1288 1347 1461 1382 Cronice
1483 1358 1561 1391 que
1579 1348 1673 1382 Vox

201 1407 429 1441 clamantis
451 1407 613 1448 dicitur,
632 1416 719 1440 vna
737 1416 828 1441 cum
852 1406 1044 1449 sequenti
1063 1406 1240 1440 Cronica
1259 1416 1337 1449 que
1355 1406 1570 1450 tripertita
1593 1409 1672 1447 est,

201 1467 289 1499 tam
312 1465 363 1499 de
387 1467 572 1508 tempore
598 1464 727 1507 Regis
746 1464 915 1498 Ricardi
940 1464 1111 1499 secundi
1133 1474 1267 1507 vsque
1289 1465 1333 1498 in
1356 1464 1490 1507 ipsius
1512 1465 1673 1508 deposi-

200 1523 373 1565 cionem,
413 1533 535 1567 quam
580 1523 630 1557 de
677 1522 963 1557 coronacione
1010 1522 1291 1557 Illustrissimi
1335 1523 1493 1556 domini
1540 1523 1673 1566 Regis

200 1581 369 1617 Henrici
392 1581 532 1625 quarti
555 1591 689 1624 vsque
712 1581 755 1614 in
776 1591 931 1614 annum
955 1581 1091 1624 Regni
1114 1581 1179 1615 sui
1205 1581 1443 1623 secundum,
1462 1582 1551 1624 Ego
1577 1581 1673 1616 lieet

199 1640 396 1684 indignus
413 1641 524 1674 inter
543 1640 650 1673 alios
669 1639 901 1674 scribentes
924 1639 1105 1682 scriptor
1123 1649 1149 1673 a
1166 1639 1234 1673 diu
1253 1640 1458 1681 solicitus,
1483 1639 1673 1683 precipue

200 1709 324 1743 super
341 1699 424 1733 hiis
441 1709 516 1742 que
534 1698 669 1732 medio
684 1700 870 1741 tempore
889 1698 932 1731 in
946 1697 1103 1741 Anglia
1117 1698 1432 1741 contingebant,
1447 1698 1687 1737 secundum,

200 1757 348 1791 varias
380 1766 516 1790 rerum
551 1756 813 1790 accidencias
844 1756 969 1790 varia
1008 1756 1208 1798 carmina,
1244 1766 1322 1799 que
1361 1757 1413 1790 ad
1453 1756 1672 1799 legendum

200 1815 443 1850 necessaria
469 1817 580 1855 sunt,
606 1815 681 1848 sub
708 1814 947 1857 compendio
971 1814 1154 1848 breuiter
1179 1814 1422 1858 conscripsi.
1472 1815 1526 1849 Et
1547 1825 1671 1856 nunc,

201 1874 298 1917 quia
313 1876 401 1908 t'am
417 1873 627 1916 grauitate
646 1871 876 1906 senectutis
894 1881 1018 1914 quarn
1036 1871 1214 1906 aliarum
1231 1872 1521 1907 infirmitatum
1542 1873 1673 1907 multi·

201 1932 365 1975 pliciter
397 1931 620 1974 depressus
652 1929 830 1964 vlterius
862 1929 912 1964 de
942 1929 1121 1964 cronicis
1158 1930 1341 1965 scribere
1375 1930 1554 1966 discrete
1587 1941 1671 1964 non

201 1990 372 2031 sufficio,
405 1989 726 2024 excusacionem
759 1998 894 2022 meam
927 1988 1228 2029 necessariam,
1262 1990 1388 2032 prout
1416 1990 1547 2032 patet,
1578 1999 1672 2024 con-

201 2050 423 2092 sequenter
444 2047 660 2082 declarare
685 2047 868 2081 intendo.

451 2128 594 2154 ENRICI
626 2115 746 2166 Regis
774 2129 901 2154 annus
931 2115 1002 2154 fuit
1032 2115 1095 2154 ille
1124 2117 1334 2163 secundus,

477 2181 654 2220 Scribere
683 2182 779 2219 dum
809 2194 931 2228 cesso,
964 2194 1050 2219 sum
1081 2181 1174 2231 quia
1202 2195 1319 2220 cecus
1349 2195 1432 2232 egO.

309 2248 420 2284 Vltra
448 2259 564 2296 posse
593 2246 724 2292 nichil,
757 2245 938 2295 quamuis
968 2245 1089 2284 michi
1118 2248 1218 2284 velle
1248 2246 1452 2293 ministrat,

309 2311 490 2362 Amplius
520 2319 560 2349 vt
590 2311 758 2349 scribam
788 2324 869 2349 non
899 2324 1010 2353 meus
1039 2319 1150 2349 actus
1180 2311 1311 2349 habet.

255 2458 307 2495 In
337 2457 397 2494 tlze
430 2457 640 2494 Trentlzam
672 2456 757 2493 MS.
787 2468 831 2492 as
847 2454 1008 2503 follows
1037 2452 1219 2504 (without
1245 2455 1412 2503 heading
1428 2485 1437 2502 ,

451 2542 595 2568 ENRICI
626 2529 753 2580 quarti
782 2529 930 2580 primus
962 2528 1091 2578 Regni
1120 2528 1192 2566 fuit
1221 2542 1359 2576 annus,

480 2596 572 2644 Quo
601 2594 722 2633 michi
751 2594 895 2633 defecit
924 2593 1028 2631 visus
1058 2594 1108 2631 ad
1138 2601 1225 2631 acta
1254 2607 1353 2631 mea.

311 2660 457 2700 Omnia
485 2667 641 2710 tempus
670 2660 830 2707 habent,
862 2660 981 2697 finem
1012 2666 1150 2696 natura
1179 2658 1382 2707 ministrat,

311 2728 443 2775 Quem
471 2724 612 2762 virtute
641 2737 710 2762 sua
738 2725 913 2774 frangere
942 2736 1061 2761 nemo
1090 2730 1230 2773 potest.

310 2792 422 2828 Vltra
449 2802 566 2839 posse
594 2787 726 2835 nichil,
758 2787 940 2838 quamuis
970 2787 1090 2826 michi
1119 2789 1218 2826 velle
1248 2788 1445 2836 remansit,

312 2854 494 2905 Amplius
523 2860 563 2892 vt
593 2852 762 2892 scribam
791 2866 872 2891 non
903 2852 1023 2891 michi
1051 2866 1169 2905 posse
1199 2860 1342 2891 manet.
