2121 3173
423 219 505 269 328

90 335 168 366 burn
210 334 428 365 lamentabile
470 333 504 364 in

92 384 213 419 aperto
242 378 395 418 proferre
424 383 504 408 tunc

91 423 261 464 audebat;
300 426 353 452 set
384 422 503 460 pocius

92 467 289 497 scandalum
315 475 414 504 quarn
436 466 504 496 lau-

93 513 169 541 dem
192 521 253 550 pre
276 509 395 540 timore
413 509 505 547 regis

92 556 139 584 ad
166 554 345 585 inuicem
366 552 502 584 confa-

93 599 223 629 bulati
240 600 345 629 sunt.

110 2140 296 2181 Canticum,
310 2143 400 2181 quod
410 2152 497 2173 com-

88 2195 233 2223 posuere
277 2186 414 2225 maligni
463 2187 497 2216 in

89 2228 236 2259 derisum
253 2239 433 2268 procerum
460 2231 498 2260 ti-

89 2272 500 2305 ranniceintersectorum.

910 215 1190 256 CRONICA
1220 213 1608 254 TRIPERTITA

636 318 698 355 Ad
729 318 831 354 mala
859 317 1068 361 ducuntur,
1099 313 1192 364 quia
1220 313 1333 351 multi
1362 315 1485 352 multa
1512 314 1710 363 loquntur.

633 385 748 420 Tunc
779 382 885 427 Olor,
917 382 1051 426 Vrsus,
1085 381 1206 429 Equs,
1238 392 1319 417 non
1349 391 1448 416 vnus
1477 377 1620 417 dicitur
1648 391 1744 428 equs
1761 393 1771 426 3

636 446 733 485 Heri
761 444 909 484 laudati
938 446 1102 491 fuerant,
1134 457 1240 482 nunc
1270 442 1504 494 vituperati:

635 513 753 549 Fama
781 509 879 560 fugit
907 509 1044 560 prima,
1077 509 1170 560 quia
1198 523 1281 547 sors
1310 508 1517 548 descendit
1544 510 1595 547 ad
1625 507 1715 556 ima,
1930 524 1993 556 290

631 578 822 626 Sorteque
848 582 1037 623 cessante,
1070 582 1196 614 cessat
1224 577 1308 613 laus
1338 573 1467 612 omnis
1496 574 1547 612 ab
1575 581 1692 612 ante:

630 641 804 680 Vertitur
832 641 989 691 obliqus
1017 654 1139 687 amor,
1172 647 1230 679 est
1259 639 1314 678 ibi
1343 641 1473 678 nullus
1502 638 1663 686 amicus,

632 708 725 756 Quo
753 714 830 745 tres
860 705 1025 757 predicti
1054 704 1210 756 periunt
1239 706 1345 743 velut
1374 705 1514 743 vmbra
1542 703 1677 743 relicti.

630 773 746 810 Tunc
774 771 1094 822 consanguinitas
1123 772 1249 809 aufert
1277 772 1327 809 de
1356 769 1546 820 sanguine
1574 769 1684 817 vitas,

632 838 812 887 Denegat
841 844 880 875 et
908 850 1023 875 sexus
1052 849 1259 887 procerum
1288 835 1505 874 dissoluere
1533 848 1656 874 nexus
1672 850 1682 883 ,-

631 902 700 941 Nil
728 915 852 953 genus
881 902 1076 949 obstabat,
1108 901 1213 940 racio
1242 914 1316 939 nec
1345 914 1413 939 eos
1442 901 1658 951 reparabat.

629 967 694 1006 Sic
723 968 998 1006 transformata
1025 966 1098 1005 fuit
1126 966 1192 1004 illa
1220 965 1304 1004 dies
1333 967 1521 1005 scelerata
1535 980 1546 1014 ;

630 1032 753 1083 Stirps
782 1032 1004 1083 extirpatur,
1036 1033 1108 1070 flos
1136 1031 1285 1070 arboris
1314 1038 1538 1079 euacuatur,

631 1099 724 1147 Quo
753 1106 911 1137 maneat
938 1111 1099 1145 nomen,
1129 1099 1242 1136 heres
1271 1110 1353 1135 non
1382 1096 1547 1147 percipit
1575 1109 1722 1144 omen3

630 1165 684 1202 Vt
712 1171 823 1214 pater
850 1163 1020 1211 intrauit,
1051 1163 1105 1201 ita
1134 1164 1240 1201 solus
1269 1163 1320 1201 ab
1349 1163 1445 1201 orbe
1475 1162 1666 1213 migrauit.
1927 1178 1991 1207 300

630 1228 693 1268 Sic
722 1228 807 1268 vice
835 1228 914 1267 iam
943 1242 1054 1267 versa
1082 1242 1268 1279 spergens
1297 1228 1369 1267 fuit
1398 1228 1491 1267 vnio
1519 1241 1663 1279 spersa,

631 1294 730 1333 Heri
759 1301 941 1342 rectores,
972 1293 1093 1333 hodie
1122 1293 1245 1344 magis
1274 1293 1487 1342 inferiores,

630 1361 680 1398 Et
709 1359 764 1398 sic
793 1359 911 1399 derisi
939 1361 1093 1398 fuerant
1121 1360 1422 1410 quodammodo
1451 1358 1533 1398 visi.

630 1426 767 1463 Portas
796 1426 1031 1473 clauserunt,
1062 1424 1129 1463 vbi
1158 1426 1289 1463 claues
1318 1438 1400 1463 non
1429 1424 1664 1471 habuerunt,

627 1491 714 1528 Nec
743 1497 876 1528 tamen
905 1491 1086 1528 exclusus
1114 1491 1239 1528 fuerat
1267 1497 1362 1528 tunc
1391 1489 1490 1540 regis
1518 1490 1693 1528 abusus:

628 1556 723 1593 Non
753 1568 794 1593 se
824 1554 1029 1601 conuertit,
1060 1554 1101 1592 in
1130 1553 1242 1605 peius
1272 1554 1340 1604 qui
1370 1556 1472 1593 male
1500 1554 1614 1593 vertit
1628 1569 1640 1602 3

630 1618 737 1655 Dum
768 1618 871 1655 mala
900 1624 1127 1667 queruntur,
1158 1616 1200 1654 in
1229 1630 1277 1656 eo
1306 1616 1440 1667 peiora
1469 1624 1659 1667 sequntur
1673 1631 1683 1665 3

627 1684 725 1721 Tres
754 1681 949 1721 interfecit
977 1695 1170 1732 proceres,
1201 1683 1298 1721 dum
1327 1682 1499 1733 pessima
1527 1681 1629 1729 fecit,

631 1749 723 1797 Quo
752 1747 869 1786 nimis
898 1749 1045 1786 elatum
1075 1747 1243 1798 sumpsit
1271 1761 1342 1786 sua
1369 1761 1518 1798 pompa
1545 1748 1732 1786 volatum.

626 1813 742 1850 Tunc
772 1813 986 1860 delusores,
1016 1825 1117 1862 quos
1146 1811 1253 1851 curia
1282 1811 1518 1852 turbidiores
1927 1830 1991 1860 310

627 1877 763 1925 Nouit,
796 1877 978 1916 ridebant
1007 1891 1124 1928 super
1152 1877 1227 1916 hiis
1256 1891 1334 1928 que
1362 1885 1472 1929 gesta
1499 1877 1689 1917 videbant
1703 1893 1715 1927 3

628 1942 786 1980 Friuola
814 1950 1062 1993 componunt
1091 1942 1215 1981 tribus
1245 1951 1283 1981 et
1313 1942 1384 1981 tria
1413 1944 1601 1982 scandala
1627 1951 1809 1993 ponunt,-

627 2008 725 2045 Tale
754 2007 826 2045 fuit
856 2007 1019 2054 dictum,
1050 2021 1125 2046 nee
1154 2009 1285 2046 adhuc
1316 2015 1390 2046 stat
1418 2008 1470 2046 ab
1499 2021 1566 2047 ore
1594 2007 1798 2047 relictum:

682 2073 799 2110 ‘Non
829 2072 926 2111 Olor
954 2071 995 2110 in
1024 2072 1176 2122 pennis,
1208 2086 1281 2111 nec
1312 2074 1422 2122 Equs
1451 2080 1526 2111 stat
1555 2072 1662 2111 crine
1690 2073 1913 2123 perhennis,

626 2138 712 2174 Iam
741 2137 989 2186 depennatus
1020 2138 1118 2176 Olor
1146 2145 1216 2185 est,
1248 2139 1358 2188 Equs
1387 2137 1616 2185 excoriatus,

626 2204 747 2240 Vrsus
776 2215 857 2240 non
887 2203 1053 2250 mordet,
1084 2215 1203 2252 quem
1234 2203 1366 2242 stricta
1393 2205 1562 2242 cathena
1589 2205 1811 2243 remordet.⁷

627 2265 691 2304 Sic
718 2267 825 2305 fatue
854 2267 967 2306 turbe
995 2280 1071 2305 vox
1098 2268 1374 2306 conclamabat
1402 2268 1443 2306 in
1471 2268 1590 2307 vrbe:

628 2330 774 2370 Omnia
803 2344 880 2382 que
909 2331 987 2370 dici
1015 2339 1197 2382 poterant
1225 2332 1363 2371 dicunt
1391 2333 1551 2380 inimici,

629 2397 824 2446 Pluraque
853 2397 1045 2447 fingentes
1075 2397 1283 2436 mendacia
1312 2405 1403 2436 sunt
1432 2398 1638 2449 parientes.

630 2461 772 2507 Grene,
804 2462 938 2512 Scrop,
971 2463 1108 2512 Bussy,
1139 2462 1269 2501 cordis
1299 2462 1383 2501 sine
1411 2463 1561 2503 lumine
1590 2464 1700 2512 fusci,
1922 2482 1987 2510 320

629 2526 761 2564 Omne
790 2528 941 2576 nephas
969 2535 1149 2577 querunt,
1181 2541 1261 2578 quo
1290 2529 1421 2566 ledere
1449 2530 1536 2579 plus
1565 2537 1805 2581 potuerunt:

629 2592 715 2628 Rex
743 2590 815 2629 fuit
843 2591 1054 2631 instructus
1083 2606 1152 2643 per
1180 2605 1259 2639 θος,
1290 2600 1328 2631 et
1357 2595 1408 2632 ad
1437 2594 1572 2633 omnia
1599 2596 1742 2634 ductus

629 2656 719 2703 Que
748 2657 850 2694 mala
879 2664 968 2706 post
995 2657 1124 2707 gessit,
1156 2657 1299 2708 quibus
1328 2658 1471 2709 Anglia
1500 2667 1582 2698 tota
1610 2660 1797 2711 pauescit.

630 2721 737 2758 Intra
765 2734 807 2759 se
836 2722 955 2760 flebat
983 2724 1164 2773 populus,
1195 2721 1262 2772 qui
1293 2724 1466 2774 dampna
1494 2724 1653 2764 videbat
1668 2740 1678 2773 ,·

630 2784 731 2822 Cum
762 2799 843 2823 non
872 2787 1045 2826 audebat
1074 2801 1213 2827 vocem
1242 2789 1423 2838 proferre,
1456 2790 1621 2829 tacebat.

739 2861 802 2899 287
820 2861 978 2893 dicuntur
994 2861 1020 2892 C
1153 2873 1217 2903 320
1234 2863 1342 2905 Scrop
1359 2864 1484 2897 SCHG
1618 2865 1733 2906 Buscy
1750 2865 1779 2897 G

1792 1482 1808 1506 t
