2095 3173
466 205 548 244 240

940 196 1070 236 VOX
1112 196 1472 238 CLAMANTIS

576 305 773 355 Agrorum
804 306 902 344 fines
932 306 1072 354 longos
1103 305 1316 344 extendere
1346 305 1489 355 queris,

576 370 663 408 Nec
691 376 848 419 reputas
878 370 957 408 vite
986 377 1165 420 tempora
1193 377 1303 408 curta
1332 376 1409 408 tue.

575 436 685 485 Quid
714 436 814 485 petis
844 442 1050 485 argentum
1081 435 1182 475 tibi?
1220 449 1331 486 spem
1362 436 1460 486 quid
1488 435 1605 485 ponis
1636 436 1676 474 in
1705 439 1877 476 aurum?

574 502 674 540 Sunt
703 513 795 538 nam
826 513 1060 540 communes
1090 501 1278 540 omnibus
1307 500 1413 540 orbis
1443 514 1552 551 opes.

573 567 713 616 Sepius
743 566 817 604 ista
847 567 911 605 dei
941 567 1034 606 data
1062 568 1270 617 conspicis>
1290 567 1472 606 hostibus
1502 579 1601 614 esse,

571 633 678 670 Ante
707 632 827 670 deum
858 633 965 671 nulla
994 633 1078 671 laus
1109 640 1147 672 et
1177 633 1345 672 habetur
1374 633 1456 671 eis:

571 697 654 735 Ista
683 710 859 747 paganus
889 698 1020 744 habet,
1052 700 1212 745 Iudeus,
1243 700 1342 737 latro
1371 706 1557 737 cruentus
1572 712 1583 747 3

571 762 702 802 Crede
732 764 842 813 quod
871 764 990 802 iratus
1021 777 1115 814 sepe
1144 765 1211 804 dat
1241 765 1315 803 ista
1344 765 1455 803 deus.

569 830 696 867 Parua
726 836 834 879 puto,
867 842 1120 880 quecumque
1149 830 1274 868 malos
1304 829 1498 879 contingit
1528 829 1687 876 habere,

569 895 664 933 Non
694 903 752 934 est
781 908 993 945 prauorum
1022 896 1138 945 copia
1166 896 1315 945 grande
1345 894 1511 933 bonum.

567 961 604 1000 O
634 962 825 1011 quociens
854 962 912 1000 vir
940 962 1064 1000 iustus
1095 968 1194 1011 eget,
1225 961 1444 999 scelerosus
1474 959 1694 1009 habundat,

569 1027 652 1065 Hic
681 1034 739 1066 set
769 1040 851 1066 non
881 1027 985 1075 alibi,
1017 1028 1076 1065 ius
1106 1028 1199 1077 quia
1228 1033 1364 1077 regnat
1394 1026 1462 1064 ibi.

567 1093 748 1131 Dilectus
777 1093 930 1132 domini
959 1093 1135 1141 moritur,
1167 1093 1264 1132 dum
1294 1093 1390 1131 viuit
1418 1092 1584 1140 adulter,

566 1159 662 1197 Non
691 1164 825 1197 tamen
856 1159 910 1196 hii
940 1159 1057 1198 Cristi
1087 1166 1178 1197 sunt
1208 1159 1249 1196 in
1278 1170 1413 1196 amore
1442 1170 1583 1207 pares:

565 1226 729 1275 Egrotat
758 1225 894 1273 iustus,
925 1225 1022 1263 dum
1052 1237 1171 1263 sanus
1201 1224 1312 1263 floret
1342 1224 1485 1273 iniqus,

565 1291 664 1329 Fine
692 1297 826 1329 tamen
855 1291 1058 1340 proprium
1088 1291 1258 1340 quisque
1287 1296 1459 1339 reportat
1488 1301 1604 1327 onus.

564 1356 603 1394 Si
632 1362 767 1394 tamen
797 1357 836 1394 in
866 1357 1020 1395 mundo
1049 1356 1167 1395 iudex
1196 1355 1271 1394 sibi
1300 1356 1399 1394 ferre
1429 1355 1597 1393 salutem

565 1422 706 1468 Possit,
736 1434 818 1460 non
848 1428 957 1460 curat
987 1422 1085 1471 quid
1114 1421 1189 1460 sibi
1220 1421 1308 1459 finis
1339 1421 1423 1459 erit.

618 1487 654 1526 O
685 1487 753 1537 qui
783 1494 926 1525 cuncta
955 1488 1079 1536 cupis,
1107 1499 1177 1524 cur
1205 1492 1328 1524 temet
1358 1486 1539 1524 deseris?
1581 1485 1715 1524 Omne

564 1553 636 1591 Est
665 1553 776 1602 quod
805 1553 845 1590 in
875 1552 971 1591 orbe
1001 1559 1123 1599 tenes,
1156 1558 1215 1590 set
1245 1564 1375 1601 neque
1405 1558 1527 1589 temet
1556 1550 1693 1589 habes.

563 1619 600 1658 O
630 1619 698 1668 qui
728 1618 805 1656 scis
833 1618 930 1656 alios
961 1631 1043 1656 non
1072 1624 1123 1664 te,
1154 1624 1196 1655 tu
1226 1624 1343 1655 notus
1372 1617 1424 1655 ad
1453 1629 1603 1663 omnes,

564 1685 658 1722 Non
687 1683 759 1722 tibi
789 1684 887 1733 quid
916 1684 1077 1733 prodest
1106 1684 1172 1721 illa
1201 1683 1383 1727 sciencia,
1416 1683 1481 1720 nil.

562 1752 623 1788 Te
653 1762 794 1788 noscas
824 1749 939 1799 igitur
968 1750 1107 1799 primo,
1138 1761 1203 1787 me
1233 1760 1354 1786 nosce
1383 1748 1574 1795 secundo,

563 1817 736 1854 Rectum
766 1815 958 1853 iudicium
983 1816 1039 1853 sic
1068 1815 1266 1864 sapienter
1294 1826 1380 1864 age.

563 1882 711 1922 Omnia
740 1893 818 1931 que
846 1882 986 1920 mundi
1016 1888 1109 1919 sunt
1137 1881 1277 1931 diligis,
1309 1880 1444 1919 omnia
1474 1879 1592 1918 Cristi

562 1948 741 1997 Linquis,
771 1954 810 1986 et
839 1960 887 1986 ex
915 1947 1063 1986 nichilo
1093 1947 1220 1985 credis
1250 1946 1397 1985 habere
1427 1946 1548 1984 satis:

561 2014 625 2051 Tu
654 2013 785 2051 celum
814 2013 956 2062 perdis,
989 2012 1186 2051 mundum
1217 2012 1387 2058 lucraris,
1418 2012 1537 2049 inane

561 2079 718 2128 Corpus
748 2085 968 2127 supportas,
1001 2078 1158 2127 spiritus
1188 2078 1293 2116 vnde
1322 2078 1440 2116 cadit.

561 2145 634 2182 Est
663 2142 733 2181 tibi
762 2144 982 2192 perfectum
1011 2156 1170 2188 vanum,
1200 2142 1270 2181 tibi
1301 2143 1450 2182 mobile
1480 2143 1650 2189 firmum,

559 2209 668 2247 Talis
698 2209 804 2246 enim
835 2208 954 2246 iudex
983 2220 1064 2246 non
1095 2208 1198 2246 bene
1227 2208 1346 2246 sentit
1376 2220 1501 2257 opus:

560 2274 737 2313 Edificas
766 2280 901 2321 turres,
933 2274 1128 2311 thalamos
1157 2274 1336 2311 nouitate
1365 2273 1520 2322 politos,

560 2340 766 2390 Quicquid
795 2346 833 2377 et
862 2345 922 2377 est
950 2339 1056 2377 orbis
1086 2339 1174 2388 plus
1203 2338 1351 2378 deitate
1379 2339 1500 2377 colis:

560 2406 736 2444 Edificas
766 2405 907 2454 ampla,
939 2404 1044 2442 fossa
1073 2404 1267 2442 clauderis
1297 2404 1337 2441 in
1366 2411 1460 2451 arta,

562 2471 656 2519 Quo
685 2470 863 2509 medium
894 2470 1031 2508 frontis
1061 2470 1161 2508 ostia
1188 2469 1321 2507 clausa
1350 2477 1542 2518 prement.

559 2536 670 2585 Quid
698 2543 827 2574 vestes
855 2535 1032 2582 referam,
1064 2535 1186 2573 lectos
1216 2535 1277 2573 vel
1307 2535 1448 2573 iudicis
1478 2536 1584 2582 edes,

561 2603 743 2650 Quorum
773 2601 943 2639 luxuries
974 2601 1099 2639 nescit
1128 2599 1275 2638 habere
1303 2602 1446 2649 pares?

559 2667 641 2716 Qui
672 2667 795 2705 modo
823 2667 1063 2716 prospiceret
1091 2665 1316 2704 habitacula
1345 2678 1504 2716 queque
1532 2667 1701 2715 fuerunt,

558 2733 731 2770 Alterius
761 2733 915 2770 nouiter
944 2732 1092 2770 diceret
1121 2731 1186 2768 illa
1216 2731 1335 2768 Iouis.

560 2797 695 2835 Gloria
724 2810 859 2836 nonne
888 2798 964 2835 tuis
995 2797 1066 2835 erit
1093 2802 1161 2834 aut
1190 2795 1260 2834 tibi
1291 2808 1437 2846 pompa
1466 2797 1690 2847 perhennis,

560 2863 671 2911 Quas
699 2863 793 2901 facis
823 2863 863 2900 in
893 2862 1090 2911 domibus,
1122 2862 1218 2900 dum
1248 2867 1315 2900 tua
1343 2862 1450 2900 lucra
1478 2863 1609 2912 rapis?

1878 508 1942 549 360

1873 1172 1937 1207 370

1866 1821 1932 1863 380

1861 2487 1924 2520 390
