2095 3173
710 252 898 292 LIBER
938 252 1182 293 SEXTUS

1598 255 1680 304 269

213 369 343 403 nuper
377 358 426 393 de
460 358 673 403 probitate
705 358 882 393 famosis
914 358 1141 393 succedunt
1173 357 1295 393 modo
1331 358 1416 400 alii,
1443 358 1511 402 qui
1545 367 1678 402 neque

212 418 351 452 diuine
377 428 510 461 neque
535 418 716 452 humane
739 417 874 452 laudis
899 416 1014 460 digni
1040 417 1281 452 efficiuntur.

37 518 38 526 η
81 494 210 543 Capffl.
233 506 291 530 xx.

379 493 494 542 Legis
524 493 659 530 diuine
689 492 720 530 si
749 493 918 531 cultores
946 491 1089 539 abiere,

321 558 385 595 Sic
414 570 594 607 proceres
625 558 763 595 mundi
794 570 900 595 nunc
929 556 1062 595 abiere
1090 555 1216 606 probi.

319 623 502 659 Mortuus
532 629 590 659 est
620 622 744 659 iustus
774 622 979 668 Troianus,
1011 629 1050 659 et
1078 633 1171 658 ecce
1201 621 1377 658 tirannus

320 688 429 725 Iusta
458 693 601 725 statuta
631 688 753 725 modo
782 687 965 737 deprimit
995 687 1078 736 ipse
1109 688 1239 725 Nero:

319 752 513 791 Conditor
542 760 579 791 et
605 753 734 802 legum
765 765 871 790 nunc
902 752 1143 790 Iustinianus
1172 750 1309 799 abiuit‚

318 817 384 855 Set
415 817 618 855 Dionisius
648 818 717 855 has
747 818 937 866 dampnat
966 815 1112 854 habere
1141 828 1244 853 suas.

318 883 501 920 Mortuus
531 890 590 920 est
618 891 747 920 castus
777 882 926 932 probus
955 889 1073 931 atque
1101 881 1415 927 Valentinianus,

316 948 542 997 Tarquinus
572 949 694 997 ceptri
726 948 803 986 iam
833 948 929 997 regit
959 955 1044 985 acta
1074 947 1145 985 sui.

316 1015 464 1062 Largus
497 1014 721 1051 Alexander
749 1014 912 1051 moritur
942 1025 1006 1051 rex
1036 1024 1160 1061 nuper
1190 1012 1357 1061 opimus,

317 1079 368 1116 Et
397 1078 519 1116 modo
549 1079 737 1116 successit
767 1078 912 1116 Cresus
940 1089 1080 1115 auarus
1111 1077 1159 1114 ei.

317 1145 500 1182 Mortuus
530 1143 593 1181 ille
623 1144 711 1192 pius
740 1149 799 1181 est
829 1143 1126 1189 Constantinus,
1158 1148 1196 1179 et
1226 1153 1319 1180 ecce

318 1209 517 1246 Antonius
547 1208 645 1246 solio
675 1208 751 1245 iarn
782 1207 893 1245 sedet
923 1208 1006 1256 ipse
1035 1219 1118 1244 suo.

318 1273 496 1311 Ecclesie
524 1273 650 1310 cultor
679 1271 930 1309 Theodosius
960 1272 1043 1320 ipse
1073 1271 1243 1317 recessit,

317 1338 593 1386 Successitque
624 1338 717 1383 Leo,
749 1337 903 1374 soluere
934 1336 1014 1373 vult
1043 1341 1082 1373 et
1112 1348 1223 1373 eam:

317 1403 490 1440 Insultor
519 1402 611 1440 fidei
642 1401 907 1440 Constancius
936 1408 1023 1438 acta
1051 1400 1283 1449 prophanat,

316 1467 544 1515 Tiberiique
573 1466 694 1504 modo
724 1466 875 1514 deperit
904 1465 1006 1502 alma
1037 1465 1149 1502 fides.-

315 1533 498 1570 Mortuus
528 1538 587 1570 est
618 1532 751 1577 Iulius,
784 1531 851 1580 qui
881 1543 1000 1579 regna
1029 1529 1184 1579 subegit
1213 1529 1253 1566 in
1282 1529 1410 1575 armis,

316 1599 368 1636 Et
398 1599 570 1636 Romam
601 1597 735 1635 statuit
765 1596 951 1635 omnibus
981 1608 1068 1634 esse
1097 1601 1226 1644 caput.

316 1664 501 1701 Mortuus
530 1669 588 1700 est
619 1662 808 1709 Hanibal,
839 1674 909 1711 per
938 1674 1057 1711 quem
1088 1661 1257 1709 Cartago
1285 1658 1454 1708 vigebat,

316 1729 402 1766 Iam
431 1740 562 1777 neque
591 1728 772 1776 Cartago,
804 1734 862 1765 set
891 1739 1022 1776 neque
1052 1727 1183 1763 Roma
1212 1725 1327 1774 viget.

316 1794 480 1840 Hector,
512 1794 552 1830 in
582 1804 678 1830 ense
707 1804 779 1829 suo
808 1792 876 1840 qui
907 1803 1032 1839 nuper
1062 1798 1142 1828 erat
1172 1789 1422 1835 metuendus,

315 1858 434 1895 Nunc
463 1857 586 1906 magis
616 1864 673 1894 est
705 1857 864 1894 Heleno
892 1855 995 1893 bella
1024 1855 1188 1893 timente
1217 1866 1391 1902 pauens:

316 1922 472 1961 Corruit
502 1921 682 1967 Eacides,
714 1933 785 1970 pro
814 1933 895 1969 quo
925 1920 1088 1958 surrexit
1117 1919 1276 1957 inermis

315 1987 498 2033 Tersites‚
530 1998 608 2035 que
637 1998 730 2023 suus
760 1986 908 2034 indiget
938 1985 1041 2023 ensis
1071 1996 1159 2033 ope.

368 2053 551 2089 Mortuus
580 2059 638 2089 est
667 2050 822 2099 sapiens
853 2050 1040 2088 Salomon
1071 2049 1316 2098 Roboasque
1345 2047 1496 2094 reviuit,

316 2117 408 2165 Quo
437 2122 623 2165 superant
652 2116 815 2154 iuuenes
844 2115 1011 2165 prouida
1040 2114 1145 2153 dicta
1175 2127 1326 2152 senum.

315 2181 446 2219 Distat
473 2194 584 2219 amor
614 2181 783 2219 Ionathe
812 2193 889 2230 que
920 2180 1052 2218 Dauid
1081 2180 1204 2217 modo
1233 2179 1480 2224 dissociatus,

314 2246 374 2283 Ex
402 2246 576 2296 odioque
604 2247 695 2284 furit
724 2246 880 2283 invidus
910 2246 993 2294 ipse
1022 2245 1141 2283 Saiil:

312 2310 495 2349 Consulit
524 2311 588 2348 hic
617 2312 743 2350 eciam
772 2311 895 2349 modo
925 2311 1138 2348 Phitonem
1168 2309 1386 2356 mulierem,

312 2377 501 2425 Dumque
529 2375 601 2414 dei·
622 2389 790 2414 vacuum
819 2376 947 2426 gracia
976 2376 1118 2424 linquit
1148 2387 1253 2413 eum.

313 2441 431 2478 Nunc
458 2441 684 2478 induratum
714 2441 884 2490 persistit
913 2453 980 2479 cor
1010 2441 1254 2486 Pharaonis3

312 2505 438 2543 Sentit
465 2518 596 2543 amara
626 2506 701 2553 dei,
733 2518 807 2544 nec
835 2506 946 2544 timet
975 2506 1069 2542 inde
1098 2505 1245 2543 deum:

311 2570 376 2608 Sic
404 2571 504 2608 redit
533 2570 572 2608 in
604 2571 746 2608 vulnus
776 2571 886 2609 nullo
916 2571 1142 2609 medicante
1171 2569 1342 2615 cicatrix,

311 2635 402 2683 Que
431 2636 536 2684 prius
566 2644 604 2673 et
632 2636 758 2674 tenuit
787 2649 869 2674 sors
899 2636 1013 2682 mala,
1045 2636 1155 2684 peior
1184 2634 1316 2672 habet.

312 2700 535 2738 Consilium
564 2712 729 2748 prauum
760 2714 866 2738 nunc
895 2701 1066 2739 creditur
1095 2699 1356 2745 Achitofellis‚

312 2764 494 2803 Consulit
524 2770 562 2802 et
593 2764 734 2813 Cusay,
767 2766 854 2814 quis
885 2777 1016 2815 neque
1045 2765 1169 2802 credit
1200 2764 1259 2803 ei:

314 2829 552 2878 Inuidiaque
582 2829 681 2867 Ioab
710 2830 915 2868 inmunem
945 2831 1022 2867 iarn
1053 2836 1167 2867 necat
1196 2829 1344 2875 Abner,

313 2895 401 2932 Nec
430 2894 504 2932 sibi
533 2906 624 2931 cum
653 2906 742 2943 rege
772 2907 891 2944 quem
922 2895 1012 2932 sinit
1042 2906 1127 2933 esse
1155 2906 1300 2943 parem.

1591 1080 1676 1111 1280

1590 1738 1674 1769 1290

1584 2388 1669 2420 1300
