2095 3173
469 236 549 286 256

937 233 1067 274 VOX
1107 232 1467 274 CLAMANTIS

581 341 769 390 ‘Accipe,
801 341 892 387 rex,'
924 340 1064 389 inquit,
1096 341 1203 388 ‘quo
1234 339 1401 377 consilio
1429 345 1544 389 potes
1575 339 1655 378 vti:

579 407 674 445 Non
703 406 824 444 vincit
853 405 1023 454 populus
1053 404 1200 443 viribus
1229 405 1293 443 ille
1322 405 1430 453 suis,

579 472 711 510 Immo
741 470 912 509 colendo
942 470 1063 509 deum
1092 483 1316 520 corpusque
1344 470 1519 520 gerendo
1547 470 1748 520 pudicum,

578 537 749 575 Vincere
778 548 934 585 semper
962 535 1083 574 habet
1112 536 1178 574 ille
1206 548 1275 585 per
1304 536 1378 574 ista
1407 535 1500 574 duo.

578 603 632 640 Vt
661 614 821 652 superes
851 602 961 640 illum
992 614 1073 640 non
1105 603 1235 640 Marte
1264 608 1324 640 set
1353 608 1447 645 arte,
1476 601 1626 651 puellas

579 668 703 718 Elige,
735 681 832 718 quas
863 674 976 706 ornat
1005 668 1124 706 vestis
1154 675 1192 706 et
1222 668 1298 706 oris
1328 668 1457 706 honor
1473 681 1484 716 3

578 735 670 784 Que
699 734 882 772 manibus
912 734 1113 783 plaudant,
1146 733 1248 783 pede
1277 733 1426 781 ludant,
1459 732 1643 771 noctibus
1673 733 1805 783 ignem

580 801 747 850 Spirant,
779 800 926 849 plectra
954 806 1101 849 gerant,
1132 806 1236 837 astra
1265 799 1409 837 decore
1440 805 1644 849 premant:

579 867 674 904 Non
703 866 805 915 rigor
833 878 1032 903 armorum
1062 872 1121 903 set
1150 865 1258 902 lusus
1287 871 1437 914 pugnet
1466 877 1658 911 amorum,

579 932 674 971 Non
702 943 847 969 acuum
875 930 1030 978 ferrum,
1063 937 1121 968 set
1150 930 1343 969 muliebre
1371 930 1522 968 forum:

578 997 643 1036 Sic
672 997 824 1046 species
854 996 985 1034 vincat
1013 996 1129 1044 acies,
1162 996 1218 1034 sic
1247 1007 1356 1034 arma
1384 995 1556 1033 virorum

580 1063 724 1101 Forma
753 1062 972 1112 puellarum
1003 1060 1077 1100 sub
1108 1062 1210 1112 pede
1239 1062 1342 1100 victa
1369 1067 1482 1100 terat.

579 1128 747 1168 Celestis
778 1128 834 1167 sic
863 1128 918 1166 ira
948 1128 1012 1166 dei
1043 1134 1254 1177 consurget
1284 1127 1324 1165 in
1356 1127 1454 1174 illos,

579 1194 644 1233 Sic
672 1194 797 1232 victor
825 1194 962 1243 populi
991 1194 1069 1232 leta
1097 1193 1263 1242 trophea
1293 1193 1418 1231 feres.'

634 1260 722 1299 Rex
751 1260 829 1298 hoc
857 1260 1070 1298 consilium
1099 1259 1265 1297 credens
1295 1259 1406 1297 dedit
1435 1270 1531 1305 esse,
1563 1257 1713 1307 puellas

580 1326 766 1374 Preparat
796 1325 968 1375 insignes
998 1325 1251 1375 sidereasque
1270 1336 1415 1374 genas:

580 1391 708 1429 Prelia
736 1391 834 1428 mira
863 1397 983 1440 parat,
1015 1403 1107 1428 arcu
1138 1402 1220 1428 non
1249 1395 1355 1428 arcet
1386 1388 1583 1436 Hebreos,

580 1457 676 1495 Non
706 1455 793 1494 ferit
823 1456 896 1494 hos
925 1456 1027 1494 ferro
1056 1468 1131 1494 nec
1160 1455 1340 1494 feriendo
1370 1455 1501 1504 fugat:

581 1524 737 1571 Pugnat
765 1534 847 1560 non
877 1522 1056 1571 equitum
1085 1521 1227 1568 loricis,
1259 1528 1318 1559 set
1347 1533 1421 1558 nec
1451 1533 1646 1570 equorum

581 1588 705 1635 Loris,
738 1588 862 1625 immo
891 1587 969 1625 liris
999 1587 1261 1636 femineisque
1289 1587 1431 1625 choris.

583 1654 675 1692 Hec
704 1653 821 1700 canit,
853 1653 928 1691 hec
957 1653 1067 1700 ludit,
1099 1653 1174 1690 hec
1202 1653 1365 1690 adiuuat
1394 1658 1476 1690 arte
1505 1652 1703 1698 decorem,

580 1719 636 1757 Vt
664 1718 826 1769 gemino
854 1718 965 1755 vultu
995 1718 1102 1756 fallat
1131 1718 1172 1755 in
1202 1729 1270 1756 ore
1299 1717 1447 1765 decor,

582 1785 657 1823 Per
685 1784 827 1822 faciem
857 1784 948 1821 iacit
978 1784 1051 1821 ista
1079 1783 1217 1830 facem,
1249 1783 1373 1821 vomit
1402 1783 1476 1822 hec
1505 1794 1575 1832 per
1604 1782 1750 1821 ocellos

582 1849 766 1897 Sintillas‚
799 1849 945 1899 profert
974 1849 1039 1887 illa
1067 1861 1136 1897 per
1165 1861 1233 1886 ora
1259 1848 1396 1886 fauos:

583 1916 676 1954 Hee
704 1915 856 1964 species
884 1915 1040 1953 animos
1069 1914 1284 1964 predantur
1312 1913 1439 1963 plebis
1471 1913 1634 1953 Hebree
1650 1928 1662 1962 3

583 1981 767 2027 Peccant‚
798 1987 1010 2030 peccantes
1040 1980 1227 2029 opprimit
1257 1980 1311 2017 ira
1341 1979 1417 2018 dei.

636 2046 726 2084 Rex
754 2046 825 2084 tibi
856 2058 968 2084 sume
997 2053 1145 2092 notam,
1177 2057 1298 2094 quarn
1327 2052 1366 2084 te
1395 2045 1513 2083 docet
1542 2045 1867 2094 experimentum,

583 2111 635 2148 Et
663 2118 775 2149 vetus
805 2111 1031 2160 exemplum
1061 2111 1128 2148 det
1157 2110 1229 2148 tibi
1259 2110 1357 2149 scire
1385 2111 1561 2148 modum.

584 2177 684 2223 Rex,
714 2183 753 2214 et
782 2176 822 2213 in
852 2176 1042 2225 exemplis
1071 2175 1171 2225 regis
1200 2187 1396 2214 concerne
1425 2176 1563 2222 Saiilis,

584 2241 749 2279 Femina
778 2241 875 2279 dum
905 2247 1093 2290 superest,
1125 2241 1256 2289 qualia
1285 2241 1382 2278 mira
1411 2247 1568 2290 potest:

584 2306 780 2344 Demonis
809 2312 891 2344 arte
919 2312 1062 2355 potens
1092 2306 1213 2355 Maga
1242 2306 1405 2344 suscitat
1434 2306 1499 2344 illa
1527 2306 1775 2356 prophetam,

583 2371 705 2421 Regis
735 2377 773 2409 et
802 2371 853 2409 ad
883 2378 1023 2409 nutum
1055 2377 1155 2409 stare
1183 2371 1312 2420 coegit
1342 2382 1445 2409 eum.

583 2436 762 2486 Corpora
791 2448 869 2486 que
897 2443 1051 2486 poterat
1080 2435 1155 2475 sibi
1185 2435 1355 2474 subdere
1384 2442 1551 2482 mortua,
1582 2436 1694 2475 viuos

583 2503 679 2541 Arte
709 2502 832 2552 magis
862 2502 965 2540 sacili
995 2501 1182 2540 subderet
1211 2502 1276 2540 illa
1305 2502 1419 2539 viros.

584 2567 666 2616 Qui
695 2568 943 2617 premunitur
971 2580 1052 2606 non
1082 2567 1235 2614 fallitur,
1267 2579 1359 2616 ergo
1388 2567 1614 2605 cauendum

585 2633 658 2671 Est
677 2633 760 2679 tibi,
792 2645 869 2681 rex,
901 2645 1045 2682 corpus
1073 2639 1114 2671 vt
1144 2632 1229 2670 sine
1257 2631 1347 2670 labe
1376 2644 1498 2682 regas.

584 2699 675 2736 Rex
703 2711 757 2745 es,
789 2699 925 2748 regina
954 2699 1048 2737 satis
1077 2704 1136 2736 est
1164 2697 1236 2736 tibi
1266 2697 1409 2736 sufficit
1437 2710 1539 2746 vna3

586 2763 707 2801 Hanc
737 2763 810 2802 tibi
838 2764 1056 2811 consocies,
1089 2763 1144 2801 sic
1174 2763 1292 2801 docet
1320 2763 1425 2800 alma
1454 2763 1579 2802 fides:

578 2897 643 2936 890
667 2896 750 2938 leta]
768 2896 857 2928 victa
874 2896 902 2928 C
1035 2897 1101 2937 894
1126 2895 1235 2938 fugat]
1255 2895 1335 2927 furit
1351 2895 1446 2928 CEH
1582 2897 1647 2937 899
1669 2897 1758 2928 iacet
1775 2896 1834 2928 SD

1876 542 1942 573 880

1880 1198 1945 1239 890

1880 1863 1946 1896 900

1880 2517 1945 2550 910
