2095 3173
520 237 819 277 PROLOGUS
860 237 1017 275 LIBRI
1057 237 1224 274 PRIMI
1558 247 1606 273 21

250 343 401 381 Primos
430 354 542 381 sume
571 343 693 392 pedes
723 327 931 381 Godesridi
958 342 1109 391 desque
1140 340 1321 386 Iohanni,

249 408 572 458 Principiumque
602 408 661 445 sui
691 408 830 445 Wallia
860 408 993 457 iungat
1023 407 1105 445 eis:

246 473 325 510 Ter
353 479 471 521 caput
499 473 684 511 amittens
714 473 781 511 det
808 479 938 511 cetera
966 471 1154 518 membra,
1186 482 1264 521 que
1293 469 1359 508 tali

247 535 435 576 Carmine
465 538 675 586 compositi
706 538 877 576 nominis
908 537 1006 575 ordo
1035 543 1154 585 patet.

245 603 309 639 Tu
339 608 473 640 tamen
503 602 554 640 ad
584 601 711 640 scribe
740 602 898 640 laudem
931 602 985 638 nil
1014 613 1129 650 pone,
1161 600 1232 639 sed
1262 600 1368 637 illam

246 667 427 716 Concipe
456 667 659 705 materiam
690 679 810 716 quam
840 666 911 705 tibi
941 667 1084 716 scripta
1113 665 1278 704 dabunt.

247 733 350 770 Nam
382 732 503 770 nichil
534 738 572 770 vt
602 732 739 771 lauder
767 732 948 779 scribam,
979 743 1193 781 curamque
1223 730 1339 768 futuri

245 797 431 835 Nominis
462 804 501 835 vt
531 809 694 846 queram
725 810 805 835 non
835 809 947 835 meus
976 803 1088 834 actus
1117 795 1250 834 habet.

243 863 356 911 Quos
386 875 475 901 mea
504 869 604 901 terra
634 863 744 901 dedit
774 875 886 901 casus
917 863 1102 900 nouitatis
1131 860 1264 906 adibo,

243 928 347 966 Nam
378 928 465 977 pius
495 935 554 967 est
582 929 706 978 patrie
736 929 838 966 facta
867 928 1007 966 referre
1036 927 1159 965 labor.
1562 939 1603 970 30

243 994 365 1042 Quod
395 995 515 1032 michi
546 995 637 1033 flere
666 995 758 1033 licet
787 992 955 1032 scribam
985 991 1225 1031 lacrimabile
1254 998 1421 1041 tempus,

242 1060 306 1097 Sic
335 1060 446 1109 quod
476 1060 515 1097 in
545 1060 771 1109 exemplum
801 1058 1038 1108 posteritatis
1068 1064 1142 1096 eat.

242 1124 401 1163 Flebilis
430 1132 471 1163 vt
501 1132 634 1164 noster
662 1131 786 1163 status
815 1131 884 1171 est,
917 1124 970 1161 ita
999 1123 1130 1161 flebile
1158 1134 1334 1168 carmen,

241 1190 409 1228 Materie
436 1190 583 1239 scripto
611 1190 877 1228 conueniente
905 1200 986 1227 sue.

241 1255 373 1294 Omne
403 1255 512 1304 quod
541 1261 600 1294 est
629 1255 745 1292 huius
774 1254 903 1303 operis
932 1252 1183 1300 lacrimabile,
1215 1252 1339 1290 lector

240 1321 437 1370 Scriptum
467 1321 517 1360 de
546 1321 715 1359 lacrimis
745 1327 904 1359 censeat
935 1332 1020 1358 esse
1050 1319 1174 1358 meis:

240 1387 400 1429 Penna
429 1387 587 1426 madet
616 1387 785 1425 lacrimis
814 1386 889 1425 hec
918 1397 983 1424 me
1012 1385 1209 1424 scribente
1239 1384 1418 1434 profusis,

240 1452 456 1502 Dumque
485 1453 608 1491 feror
637 1452 821 1500 studiis,
853 1464 931 1490 cor
959 1451 1116 1490 tremit
1146 1456 1287 1500 atque
1317 1462 1488 1487 manus.

238 1516 416 1556 Scribere
445 1530 618 1568 cumque
647 1519 748 1565 volo,
780 1517 901 1555 michi
930 1516 1106 1566 pondere
1135 1527 1268 1565 pressa
1297 1513 1440 1553 laboris

238 1583 310 1621 Est
339 1595 491 1631 manus,
522 1590 561 1622 et
589 1584 689 1622 vires
719 1582 912 1622 subtrabit
942 1582 1035 1620 inde
1064 1581 1190 1619 timor.
1557 1596 1598 1626 40

238 1648 319 1696 Qui
349 1648 472 1698 magis
501 1649 683 1699 inspiciet
712 1661 812 1698 opus
842 1647 958 1695 istud,
989 1653 1146 1697 tempus
1176 1652 1214 1685 et
1244 1646 1404 1692 instans,

237 1714 422 1752 Inueniet
450 1720 534 1752 toto
563 1715 737 1753 carmine
765 1714 882 1752 dulce
911 1713 1042 1751 nichil.

237 1779 276 1816 Si
306 1791 381 1816 vox
410 1779 450 1816 in
480 1779 602 1829 fragili
631 1779 752 1817 michi
780 1785 940 1829 pectore
970 1778 1116 1815 firmior
1145 1783 1257 1823 esset,

239 1843 435 1893 Pluraque
464 1855 555 1881 cum
585 1844 727 1893 linguis
757 1842 933 1893 pluribus
964 1855 1031 1880 ora
1059 1843 1198 1888 forent,

238 1909 330 1946 Hec
359 1914 492 1946 tamen
521 1909 572 1946 ad
602 1921 764 1957 presens
793 1909 906 1955 mala,
939 1919 1017 1957 que
1047 1913 1138 1944 sunt
1167 1906 1355 1955 temporis
1385 1905 1510 1952 huius,

237 1973 331 2011 Non
362 1973 481 2011 michi
511 1973 699 2023 possibile
728 1974 860 2012 dicere
888 1979 1032 2010 cuncta
1060 1972 1173 2009 foret.

238 2040 403 2077 Pectora
433 2039 488 2077 sic
519 2051 606 2077 mea
636 2046 727 2077 sunt
756 2039 851 2076 limo
881 2038 1022 2076 viciata
1050 2037 1255 2083 malorum,

238 2103 360 2152 Quod
388 2116 547 2142 carmen
577 2116 677 2143 vena
706 2104 937 2153 pauperiore
966 2103 1071 2141 fluet.

237 2170 397 2219 Poplice
425 2176 629 2208 contracto
659 2175 777 2208 restat
805 2169 962 2219 grandis
991 2168 1053 2206 via
1083 2169 1225 2215 Rome,

236 2236 288 2273 Et
317 2235 476 2274 modico
506 2247 625 2274 sensu
653 2235 801 2285 grande
830 2234 985 2273 libellus
1015 2246 1126 2283 opus.
1553 2248 1595 2279 50

235 2300 300 2338 Sic
329 2301 484 2339 veniam
514 2313 584 2350 pro
614 2301 731 2339 laude
759 2306 863 2350 peto,
894 2312 984 2338 mea
1012 2310 1186 2349 namque
1215 2299 1395 2337 voluntas

236 2366 307 2404 Est
337 2365 452 2414 bona,
484 2367 532 2404 sit
561 2366 743 2416 quamuis
772 2378 911 2404 sensus
940 2365 992 2403 ad
1019 2371 1107 2403 acta
1135 2365 1274 2402 minor,

236 2431 354 2470 Adde
383 2432 601 2470 recollectis
631 2432 782 2478 seriem,
815 2443 904 2469 mea
933 2443 1057 2477 musa,
1091 2430 1250 2476 Latinis,

171 2545 209 2565 21
237 2534 376 2566 Godesri
400 2535 461 2566 des
485 2540 584 2575 atque
609 2535 639 2565 D
773 2534 907 2575 margin
932 2534 1020 2565 Nota
1045 2534 1087 2564 de
1113 2532 1254 2563 nomine
1281 2531 1443 2563 Iohannis
1467 2532 1597 2564 Gower

127 2587 185 2618 CE
234 2587 323 2618 Nota
344 2597 468 2618 nomen
492 2587 519 2618 L
564 2587 698 2618 Nomen
721 2587 948 2628 compilatoris
972 2590 1024 2616 est
1047 2585 1221 2616 lohannes
1244 2583 1372 2615 Gower
1392 2588 1429 2614 vt
1453 2587 1540 2624 patet
1561 2584 1594 2615 in

128 2638 181 2669 his
198 2639 310 2669 tribus
326 2638 476 2669 versibus
489 2638 518 2669 T
562 2649 627 2670 om.
645 2639 710 2670 GD
821 2648 863 2678 25
888 2637 1040 2670 adscribe
1058 2636 1115 2666 EL
1161 2635 1333 2667 ascribens
1352 2636 1382 2666 D
1482 2647 1522 2676 27
1548 2636 1594 2667 nil

127 2696 161 2721 vt
189 2691 308 2721 laudes
337 2689 367 2720 D
413 2690 517 2721 nichil
548 2694 583 2721 vt
608 2691 727 2722 laudes
756 2691 782 2722 L
915 2701 958 2730 32
986 2689 1109 2728 Sicqne
1137 2687 1197 2718 DL
1332 2689 1376 2728 36
1402 2694 1543 2720 censeat
1567 2689 1593 2720 C

126 2743 255 2774 sensiat
284 2742 397 2774 GEHa
453 2748 595 2774 senceat
621 2743 650 2773 T
705 2743 837 2774 senciat
865 2743 945 2784 D(p.
968 2743 1064 2784 m.)L
1257 2751 1298 2781 37
1331 2741 1450 2772 Penna
1479 2742 1593 2772 madet

126 2794 154 2825 C
173 2794 270 2835 (ras.)
289 2794 316 2825 E
364 2794 524 2834 Sepeque
540 2799 619 2825 sunt
636 2794 812 2826 GDLTH2
937 2794 1017 2834 hec]
1035 2794 1076 2824 de
1095 2794 1125 2824 D
1260 2794 1303 2833 38
1325 2793 1403 2824 Text
1418 2793 1444 2824 C
1463 2793 1592 2834 (ras.)E

127 2846 277 2877 Humida
305 2846 342 2877 fit
367 2846 512 2877 lacrimis
539 2856 689 2887 sepeque
715 2857 830 2888 penna
856 2847 940 2878 meis
970 2846 1147 2878 GDLTH2
1293 2856 1335 2885 44
1370 2845 1486 2877 fauent
1512 2845 1594 2877 DH2

126 2909 168 2938 49
186 2899 359 2930 confracto
378 2898 489 2930 DLH2

1674 341 1761 372 Nota
1809 343 1851 372 de
1901 343 2037 373 nomine

1629 384 1791 415 Iohannis
1821 385 1956 418 Gower.
