2121 3173
499 224 816 266 VICIORUM
862 224 1275 266 PESTILENCIA
1547 235 1623 274 351

269 330 320 368 Et
349 329 453 369 racio
482 330 634 380 pariter,
667 330 762 381 quin
792 330 914 381 magis
943 345 1020 369 vna
1048 338 1184 370 vacat:

268 396 379 433 Bella
406 394 532 434 libido
561 403 707 443 mouet,
739 397 844 435 fauet
874 404 913 435 et
941 396 1126 435 vecordia
1154 394 1292 443 carnis,

268 461 320 498 Et
349 473 419 499 sua
447 461 515 499 dat
543 461 636 499 fedo
664 462 766 499 colla
793 462 1010 511 premenda
1038 460 1130 511 iugo
1145 476 1156 509 3

268 525 411 564 Libera
441 533 499 564 set
528 524 632 564 racio
661 533 837 565 mentem
867 527 918 565 de
948 534 1074 565 morte
1103 526 1302 565 remordet

268 590 407 630 Carnis
436 590 477 628 in
506 590 711 640 obsequio,
743 599 898 641 statque
927 591 1074 641 pudica
1102 592 1190 630 deo.

268 655 334 694 Nil
363 669 577 694 commune
605 664 745 707 gerunt
773 658 886 695 luxus
915 656 990 695 sibi
1019 670 1111 695 cum
1140 656 1298 696 racione
1312 671 1324 705 ς

268 722 350 759 Ista
378 722 499 760 deum
528 720 678 769 retinet,
710 721 776 760 illa
805 723 975 761 cadauer
1003 722 1147 761 habet:

267 785 330 825 Sic
359 794 467 837 patet
495 793 536 824 vt
563 786 686 825 nichil
716 795 774 826 est
803 787 994 838 quicquid
1024 787 1195 838 peritura
1223 788 1404 837 voluptas

266 851 431 902 Appetit
460 851 500 890 in
529 865 657 900 carne,
689 865 766 902 que
795 854 901 891 velut
930 853 1068 891 vmbra
1096 851 1204 903 fugit.
1567 859 1626 888 180

268 916 450 955 Pluribus
479 917 668 967 exemplis
698 917 769 956 tibi
798 919 910 956 luxus
940 917 1011 956 erit
1038 917 1248 968 fugiendus
1264 931 1275 965 ς

268 981 407 1020 Biblea
435 995 513 1032 que
542 982 689 1030 docuit,
721 982 872 1033 respice
901 984 1004 1021 facta
1033 982 1192 1021 Dauid:

268 1046 447 1086 Consilio
476 1049 638 1086 Balaam
667 1049 781 1087 luxus
810 1048 967 1099 decepit
996 1047 1192 1095 Hebreos,

267 1112 380 1160 Quos
410 1125 501 1150 caro
529 1114 804 1160 commaculat,
835 1126 977 1151 carnea
1003 1114 1121 1163 culpa
1148 1112 1300 1163 premit.

268 1176 406 1215 Discat
434 1179 557 1216 homo
586 1177 751 1224 iuuenis,
783 1178 899 1217 celeri
928 1180 1031 1229 pede
1060 1178 1203 1216 labitur
1232 1186 1326 1225 etas,

267 1242 426 1281 Nuncia
454 1243 551 1281 dum
581 1243 717 1281 mortis
746 1256 867 1282 curua
895 1250 1055 1282 senecta
1083 1243 1213 1282 venit:

267 1309 373 1346 Ecce
402 1308 534 1347 senilis
563 1322 699 1359 yemps
728 1310 896 1347 tremulo
925 1308 1032 1347 venit
1061 1308 1219 1347 horrida
1247 1321 1376 1358 passu,

267 1374 318 1411 Et
347 1373 446 1424 rapit
474 1387 497 1412 a
525 1373 667 1413 iuvene
697 1375 806 1424 quod
834 1387 1013 1425 reparare
1041 1373 1203 1424 nequit:

267 1438 338 1476 Vir
366 1438 522 1489 sapiens
552 1438 667 1489 igitur
696 1453 766 1478 sua
795 1446 974 1489 tempora
1003 1446 1137 1478 mente
1166 1440 1356 1486 reuoluat,

267 1503 399 1554 Erigat
428 1512 466 1543 et
496 1518 663 1551 currum,
695 1518 815 1554 quam
844 1504 950 1555 prius
979 1504 1074 1543 inde
1102 1505 1229 1543 eadat.
1568 1521 1628 1552 190

266 1570 372 1616 Heu,
404 1576 462 1607 set
491 1568 530 1607 in
560 1570 637 1608 hoc
666 1569 768 1608 vicio
796 1569 923 1620 plebis
952 1569 1065 1620 quasi
1094 1577 1177 1608 tota
1205 1582 1381 1620 propago

265 1634 404 1674 Carnis
432 1634 473 1673 in
501 1634 695 1685 obsequio
725 1642 800 1673 stat
827 1634 968 1673 viciata
996 1636 1144 1674 modo:

267 1702 326 1738 Ex
355 1714 473 1739 causa
500 1701 624 1751 fragili
653 1708 835 1739 causatur
863 1700 992 1739 fictilis
1022 1708 1115 1747 etas,

267 1766 360 1814 Quo
388 1779 496 1805 nunc
525 1767 576 1805 de
605 1765 708 1804 facili
737 1765 926 1816 frangitur
954 1765 1084 1804 omnis
1113 1767 1248 1804 homo.

267 1830 406 1870 Carnis
435 1831 541 1869 enim
571 1830 671 1869 vicia
700 1838 791 1869 sunt
820 1830 875 1869 sic
904 1829 1169 1868 communiter
1197 1838 1295 1876 acta,

268 1897 390 1945 Quod
419 1897 469 1934 de
498 1895 696 1934 continuis
725 1895 788 1934 vix
817 1896 941 1946 pudet
969 1908 1060 1933 vsus
1090 1894 1172 1933 eis:

268 1961 397 2000 Cecus
425 1973 536 1999 amor
565 1961 694 1999 fatuos
723 1973 838 1999 cecos
869 1959 924 1998 sic
953 1959 1063 1998 ducit
1091 1966 1281 2006 amantes,

268 2027 390 2075 Quod
420 2025 494 2064 sibi
523 2025 620 2076 quid
649 2027 788 2065 deceat
816 2039 898 2064 non
927 2025 1034 2064 videt
1063 2027 1162 2064 vllus
1191 2038 1339 2063 amans.

268 2092 448 2129 Pendula
476 2104 535 2129 res
564 2104 675 2129 amor
703 2098 761 2130 est
790 2090 922 2129 subito
950 2092 1125 2141 collapsa
1153 2091 1301 2137 dolore,

268 2155 419 2195 Ordine
448 2156 626 2206 precipiti
656 2156 832 2206 miraque
861 2157 963 2194 faeta
991 2163 1101 2206 parat
1116 2170 1127 2204 3
1566 2172 1628 2194 200

269 2220 388 2271 Sique
417 2229 525 2259 tuam
554 2223 673 2260 velles
703 2222 904 2260 flammam
933 2234 1188 2271 compescere
1216 2228 1335 2268 tutus,

268 2288 405 2325 Artem
432 2286 652 2336 preuideas,
684 2300 803 2337 quam
832 2285 938 2337 prius
967 2286 1061 2325 inde
1090 2287 1220 2325 cadas.

269 2352 373 2391 Cum
401 2351 510 2390 viciis
539 2349 623 2390 aliis
653 2365 794 2402 pugna,
826 2351 936 2390 iubet
965 2353 1039 2390 hec
1069 2351 1140 2389 tibi
1170 2352 1327 2397 Paulus,

269 2416 407 2456 Carnis
436 2424 475 2455 et
503 2430 526 2455 a
555 2417 660 2456 bello
689 2424 731 2455 tu
760 2418 851 2467 fuge
880 2418 986 2455 solus
1015 2418 1139 2455 homo
1154 2430 1164 2464 ‚-

270 2484 321 2520 Et
350 2481 442 2532 quia
470 2482 656 2521 vulnifico
686 2483 830 2520 fixurus
859 2488 1020 2532 pectora
1048 2483 1128 2520 telo

268 2547 407 2586 Vibrat
435 2561 554 2595 amor,
586 2555 701 2586 caute
729 2546 884 2597 longius
913 2546 1006 2585 inde
1035 2547 1150 2597 fuge:

268 2612 415 2651 Vinces
444 2612 476 2650 si
504 2611 639 2663 fugias,
670 2612 835 2651 vinceris
865 2611 977 2662 sique
1005 2611 1160 2650 resistas
1175 2625 1187 2660 3

269 2678 333 2716 Ne
360 2678 424 2716 leo
451 2676 628 2724 vincaris,
660 2684 702 2715 tu
731 2679 842 2727 lepus
872 2689 964 2727 ergo
993 2677 1093 2727 fuge.

271 2743 409 2781 Mente
438 2741 495 2780 tui
523 2741 652 2781 cordis
681 2755 899 2782 memorare
928 2741 1145 2780 nouissima
1173 2741 1311 2789 carnis,

338 2882 402 2913 190
424 2871 522 2914 inde]
538 2872 594 2904 ille
612 2872 667 2904 FL
799 2883 866 2905 200
889 2873 956 2904 fata
973 2872 1101 2904 EHLB
1234 2881 1299 2912 203
1322 2871 1387 2903 hoc
1405 2871 1468 2903 ΕΗ
