2095 3173
371 209 420 247 16
906 204 1036 246 VOX
1076 201 1434 245 CLAMANTIS

585 313 841 362 prosperitate
870 317 1088 357 conseruet,
1111 316 1149 348 et
1175 310 1227 348 ad
1253 309 1412 348 laudern
1440 308 1503 347 dei
1531 308 1672 358 suique
1701 314 1739 346 et
1768 306 1842 346 sibi
1868 319 1973 345 com-

583 378 702 416 misse
724 377 850 427 plebis
870 377 1076 413 Vtilitatem
1098 375 1261 413 feliciter
1281 374 1470 423 perducat
1491 373 1530 410 in
1550 385 1681 411 euum.

367 444 497 493 Capm.
521 443 593 481 xix.
629 443 709 480 Hic
739 441 970 490 recapitulat
999 439 1302 490 quodammodo
1331 438 1405 476 sub
1436 439 1567 488 figuris
1601 445 1639 476 et
1673 437 1862 486 exemplis
1892 444 1971 475 tam

582 508 723 546 veteris
745 519 864 556 quam
885 506 981 544 noui
1000 505 1238 552 testamenti,
1262 505 1300 542 in
1322 504 1467 554 quibus
1489 503 1686 553 pretendit
1706 503 1815 552 quod
1835 514 1973 541 eorum

582 573 672 611 loco
693 572 760 621 qui
782 572 821 608 in
842 571 953 609 omni
974 571 1182 609 sanctitate
1202 571 1328 620 legem
1351 570 1415 608 dei
1436 576 1474 608 et
1500 569 1619 607 fidem
1648 568 1765 608 Cristi
1793 568 1972 617 primitus

581 643 883 686 augmentantes
913 636 1121 674 ecclesiam
1150 635 1345 681 colebant,
1374 641 1412 673 et
1441 647 1464 672 a
1492 635 1560 673 diu
1591 634 1735 672 mortui
1766 640 1867 680 sunt,
1894 633 1972 671 iam

583 708 789 751 resurgunt
815 701 880 738 alii
910 702 1097 751 precipue
1120 701 1171 739 de
1200 701 1316 747 clero,
1340 701 1407 750 qui
1437 700 1542 737 illam
1573 699 1751 738 omnium
1781 699 1972 737 viciorum

581 767 836 805 multitudine
857 767 1094 805 suffocantes
1115 773 1382 815 corrumpunt.

365 833 493 881 Capm.
520 846 577 870 xx.
610 832 691 869 Hic
721 837 860 868 tractat
889 831 1049 869 vlterius
1078 831 1200 880 quod,
1232 831 1333 868 sicut
1363 831 1544 869 virtuosis
1575 842 1700 879 nuper
1733 830 1773 866 in
1805 828 1972 867 ecclesia

582 896 841 934 existentibus
869 895 1088 933 succedunt
1115 896 1262 942 viciosi,
1286 896 1341 933 sic
1367 901 1406 933 et
1432 895 1573 933 mundi
1593 893 1821 944 proceribus
1841 894 1972 932 omnis

581 961 726 998 milicie
753 972 878 1009 nuper
907 960 958 999 de
984 960 1181 1010 probitate
1211 960 1371 998 famosis
1401 959 1620 997 succedunt
1647 959 1770 997 modo
1797 959 1872 1005 alii,
1903 959 1971 1009 qui

581 1038 711 1076 neque
732 1026 868 1064 diuine
889 1037 1019 1075 neque
1040 1025 1214 1063 humane
1233 1025 1361 1063 laudis
1381 1025 1490 1074 digni
1510 1025 1741 1063 efficiuntur.

364 1092 492 1141 Capm.
516 1091 589 1129 xxi.
624 1091 705 1128 Hic
743 1091 917 1140 loquitur
954 1091 1086 1128 adhuc
1124 1090 1283 1128 vlterius
1322 1102 1439 1139 super
1477 1089 1632 1136 eodem,
1673 1089 1840 1139 qualiter
1878 1088 1968 1127 loco

581 1168 718 1194 eorum
757 1156 824 1204 qui
863 1167 988 1204 nuper
1031 1155 1128 1193 casti
1167 1154 1325 1193 fuerunt
1364 1162 1402 1193 et
1440 1160 1680 1201 constantes,
1721 1162 1968 1192 surrexerunt

580 1221 702 1259 modo
725 1221 800 1266 alii,
822 1221 889 1270 qui
917 1221 1032 1258 huius
1060 1221 1181 1258 seculi
1207 1221 1422 1258 vanitatem
1449 1220 1778 1269 concupiscentes
1806 1219 1967 1269 pudoris

579 1286 850 1325 constanciam
871 1286 1028 1335 penitus
1047 1286 1272 1324 amiserunt.

766 1383 1025 1432 Expliciunt
1053 1383 1265 1431 capitula
1293 1384 1393 1421 libri
1425 1384 1560 1422 sexti.

750 1626 976 1674 Incipiunt
1003 1625 1214 1675 eapitula
1241 1627 1344 1666 libri
1374 1626 1576 1676 Septimi.

361 1727 490 1776 Capm.
516 1726 536 1763 i.
571 1727 784 1776 Postquam
813 1727 864 1765 de
892 1726 1053 1776 singulis
1078 1727 1277 1776 gradibus,
1306 1740 1375 1777 per
1401 1741 1501 1778 quos
1528 1735 1609 1766 tam
1637 1729 1676 1766 in
1698 1728 1963 1778 spiritualibus

578 1804 697 1841 quam
715 1792 754 1829 in
771 1792 1053 1841 temporalibus
1074 1804 1179 1830 error
1198 1793 1310 1842 quasi
1326 1792 1472 1843 vbique
1492 1794 1734 1841 diffunditur,
1751 1800 1961 1832 tractatum

578 1857 770 1895 hactenus
790 1858 930 1904 existit,
953 1858 1030 1895 iarn
1052 1857 1272 1896 secundum
1294 1859 1545 1907 quorundam
1572 1860 1781 1908 opiniones
1801 1865 1966 1897 tractare

579 1923 749 1961 intendit
778 1923 829 1961 de
859 1922 1028 1972 pedibus
1058 1929 1185 1961 statue
1218 1935 1339 1972 quam
1369 1923 1719 1974 Nabugodonosor
1745 1924 1896 1963 viderat
1925 1925 1964 1962 in

578 1988 766 2037 sompnis,
785 2000 954 2037 quorum
976 1988 1158 2026 videlicet
1174 1988 1322 2037 pedum
1343 1989 1516 2038 quedam
1532 2002 1620 2039 pars
1641 1989 1774 2036 ferrea,
1793 1989 1965 2039 quedam

578 2053 718 2099 fictilis,
741 2054 780 2090 in
802 2053 924 2102 figura
945 2052 1266 2091 deterioracionis
1287 2054 1403 2092 huius
1418 2054 1558 2092 mundi
1575 2055 1764 2101 extiterat,
1783 2055 1822 2092 in
1844 2066 1963 2104 quam

576 2129 648 2155 nos
675 2117 726 2155 ad
752 2129 913 2166 presens
933 2123 1101 2166 tempus,
1124 2117 1234 2166 quod
1255 2125 1313 2155 est
1334 2118 1635 2167 quodammodo
1662 2119 1702 2156 in
1729 2119 1807 2157 fine
1827 2118 1960 2165 seculi,

576 2182 808 2220 euidencius
833 2182 1081 2220 deuenimus.
1141 2182 1192 2220 Et
1218 2183 1346 2231 primo
1373 2183 1460 2221 ferri
1481 2184 1817 2232 significacionem
1838 2184 1966 2222 decla-

577 2247 689 2285 rabit.

359 2312 488 2362 Capm.
513 2311 549 2350 ii.
583 2312 665 2350 Hic
693 2312 867 2361 loquitur
893 2318 1029 2350 contra
1058 2311 1153 2349 istos
1185 2324 1325 2349 auaros
1359 2312 1469 2349 omni
1505 2313 1605 2350 ferro
1636 2313 1676 2350 in
1710 2313 1787 2351 hoc
1822 2314 1960 2352 saltem

576 2383 755 2427 tempore
775 2377 963 2424 duriores,
986 2389 1155 2427 quorum
1175 2377 1320 2415 diuicie
1340 2377 1413 2415 nisi
1435 2377 1728 2427 participentur,
1746 2378 1902 2426 nullius,
1920 2385 1961 2417 vt

577 2443 683 2490 dicit,
706 2449 873 2492 possunt
893 2455 979 2480 esse
999 2442 1150 2480 valoris.

360 2508 490 2558 Capm.
515 2509 564 2546 iii.
600 2508 680 2546 Hic
704 2508 878 2557 loquitur
900 2507 951 2546 de
980 2513 1108 2545 statue
1137 2507 1312 2546 secunda
1338 2513 1447 2556 parte
1470 2507 1630 2557 pedum,
1660 2519 1739 2557 que
1766 2508 1895 2547 fictilis
1924 2515 1963 2548 et

576 2573 719 2623 fragilis
741 2580 832 2620 erat,
856 2579 895 2611 et
915 2573 966 2611 de
990 2572 1172 2611 eiusdem
1191 2573 1310 2622 partis
1331 2572 1634 2622 significacione.

364 2638 492 2688 Capm.
516 2638 580 2676 iiii.
615 2639 696 2676 Hic
716 2639 889 2688 loquitur
908 2638 1039 2676 adhuc
1058 2637 1217 2675 vlterius
1238 2637 1289 2675 de
1309 2637 1473 2675 miseriis
1501 2650 1579 2688 que
1600 2639 1639 2676 in
1659 2638 1808 2688 pedum
1835 2644 1963 2678 statue

577 2703 804 2742 diuersitate
834 2704 1052 2742 nouissimo
1085 2703 1162 2741 iarn
1196 2710 1374 2752 tempore
1407 2703 1639 2742 eueniendis
1674 2702 1961 2753 figurabantur:

404 2811 471 2842 xix.
505 2822 525 2851 4
555 2812 633 2842 adiu
667 2811 694 2842 C
851 2812 924 2844 Lib.
951 2811 1028 2844 V11.
1056 2811 1077 2843 i.
1106 2822 1125 2850 4
1160 2810 1408 2850 Nabugonosor
1435 2811 1462 2843 C
1622 2812 1643 2843 8
1673 2812 1960 2852 significacionem

360 2863 441 2894 ferri
460 2863 490 2894 D
