2095 3173
413 245 488 272 122
879 231 1007 273 VOX
1047 229 1406 272 CLAMANTIS

518 340 612 377 Plus
642 339 758 377 faciet
788 339 948 388 paciens
978 350 1099 386 quam
1128 337 1234 375 furor
1264 338 1328 376 ille
1357 345 1497 388 potest.

518 406 631 443 Talia
660 405 732 442 rite
761 404 889 449 docet,
921 403 1005 440 aliis
1035 402 1132 440 dum
1161 403 1349 451 predicat,
1381 416 1474 442 ecce

520 469 671 515 Clerus,
704 475 742 506 et
772 475 933 505 econtra
962 467 1018 505 sic
1047 467 1161 516 quasi
1190 479 1308 506 cecus
1337 468 1430 517 agit.

573 535 723 584 Turpia
752 534 957 572 doctorem
986 533 1133 580 sedant,
1164 533 1227 571 cui
1257 533 1373 583 culpa
1401 541 1602 584 repugnat,

521 601 607 638 Nec
636 599 709 637 sibi
740 599 837 649 quid
865 599 985 648 longo
1014 606 1194 648 tempore
1223 599 1350 638 laudis
1379 600 1462 638 erit.

519 666 604 703 Nos
633 665 708 703 nisi
738 665 974 714 prosperitas
1003 664 1125 702 nichil
1153 677 1340 703 excusare
1368 665 1524 712 valebit,

519 732 651 779 Quam
681 736 838 768 constat
868 730 1031 767 nimiam
1060 742 1134 768 nos
1163 731 1337 769 tenuisse
1367 731 1462 769 diu:
1818 743 1884 775 550

520 796 659 834 Extitit
688 796 728 833 in
757 795 844 833 letis
873 795 1004 833 minor
1032 802 1070 833 et
1099 796 1278 834 sollercia
1307 795 1435 843 nobis,

519 861 693 900 Cernere
722 873 797 898 nec
826 872 942 898 cecos
973 866 1106 898 nostra
1134 861 1282 910 cupido
1311 861 1414 899 sinit.

519 926 647 975 Copia
676 925 914 963 multociens
943 924 1148 963 hominem
1179 925 1386 964 defraudat
1419 927 1590 973 inanem,

518 992 653 1040 Atque
682 990 806 1040 magis
835 990 999 1039 plenum
1028 996 1164 1028 causat
1193 990 1340 1029 habere
1369 992 1527 1030 famem.

520 1057 652 1105 Quam
683 1056 808 1094 fuerat
838 1055 994 1105 requies
1022 1067 1148 1104 nuper
1177 1056 1263 1095 sine
1291 1057 1456 1096 crimine
1485 1057 1590 1096 clero

521 1122 672 1169 Dulcis,
703 1134 835 1159 amara
864 1121 988 1158 modo
1017 1121 1244 1159 sollicitudo
1268 1122 1398 1161 docet.

520 1187 690 1227 Casibus
720 1187 760 1224 in
790 1187 876 1225 letis
907 1186 1030 1236 magis
1060 1193 1119 1225 est
1148 1188 1363 1226 metuenda
1391 1189 1585 1238 voluptas,

522 1253 662 1302 Sepius
691 1253 731 1290 in
761 1253 906 1291 vicium
936 1265 1014 1302 que
1043 1265 1140 1302 vaga
1170 1253 1290 1291 corda
1320 1254 1420 1292 ruit:

521 1317 690 1358 Casibus
720 1319 760 1356 in
790 1318 876 1357 letis
906 1331 1026 1367 quarn
1057 1319 1106 1357 sit
1135 1319 1263 1357 vicina
1292 1320 1415 1366 ruina,

522 1384 573 1421 Et
602 1384 734 1433 lapsus
763 1383 896 1430 facilis,
929 1396 1049 1422 nemo
1078 1384 1212 1422 videre
1241 1392 1382 1434 potest.
1820 1390 1883 1430 560

576 1449 670 1487 Non
700 1456 854 1498 reputet
883 1449 1088 1487 modicum
1118 1449 1279 1488 modico
1309 1456 1498 1489 contenta
1527 1450 1719 1497 voluntas,

523 1515 604 1552 Res
635 1514 685 1552 de
713 1514 909 1563 postfacto
939 1526 1017 1563 que
1045 1514 1118 1552 fuit
1146 1521 1238 1553 ante
1269 1515 1409 1553 docet:

525 1580 612 1617 Nec
641 1592 830 1629 magnum
859 1586 1013 1628 reputet
1042 1579 1265 1629 quisquam,
1297 1580 1393 1630 quin
1422 1586 1601 1629 tempore
1631 1581 1774 1630 quouis

524 1645 704 1688 Fortuito
734 1657 826 1683 casu
856 1645 1022 1694 perdere
1051 1646 1174 1694 possit
1203 1645 1322 1684 idem.

523 1710 690 1748 Discant
720 1711 928 1759 precipites
958 1717 996 1748 et
1025 1723 1126 1760 quos
1156 1723 1266 1749 mora
1294 1711 1402 1748 nulla
1430 1711 1610 1758 retardat,

522 1777 585 1814 Ne
615 1776 731 1813 nimis
761 1776 982 1814 accelerent
1010 1776 1050 1813 in
1080 1789 1150 1814 sua
1179 1776 1354 1826 dampna
1384 1789 1549 1815 manus:

522 1842 617 1879 Hoc
647 1841 764 1879 docet
794 1841 834 1878 in
863 1841 969 1879 clero
999 1841 1122 1890 magis
1152 1842 1400 1891 experiencia
1428 1842 1531 1889 facti,

522 1906 645 1954 Quod
674 1906 877 1944 mundana
906 1906 1026 1944 nichil
1055 1919 1149 1944 cura
1176 1907 1317 1945 valoris
1347 1906 1478 1945 habet.

522 1973 595 2010 Est
624 1972 746 2010 homo
776 1972 961 2010 iumentis
991 1973 1140 2019 similis,
1169 1973 1237 2022 qui
1266 1973 1388 2022 fulget
1417 1972 1568 2010 honore

524 2038 673 2084 Vanus,
705 2044 744 2076 et
774 2038 925 2088 ignorat
955 2039 1052 2088 quid
1081 2039 1130 2077 sit
1159 2039 1321 2077 honoris
1351 2051 1464 2076 onus.
1819 2051 1884 2086 570

526 2104 597 2141 Est
626 2104 754 2141 honor
784 2105 847 2142 ille
877 2105 966 2151 deo,
996 2111 1106 2153 puto,
1138 2105 1300 2153 quando
1331 2103 1516 2153 superbia
1544 2111 1721 2143 mentem

526 2169 619 2206 Non
648 2175 794 2217 grauat,
827 2169 950 2206 immo
979 2168 1043 2206 dei
1074 2168 1209 2206 debita
1237 2169 1320 2206 iura
1349 2176 1466 2207 tenet.

527 2233 629 2281 ‘Qui
659 2245 817 2271 mecum
847 2245 927 2271 non
959 2239 1028 2280 est,
1060 2233 1124 2270 hic
1153 2241 1289 2271 contra
1319 2246 1383 2272 me
1412 2241 1624 2283 reputatur,

526 2298 726 2337 Collector
755 2298 840 2336 sine
869 2310 934 2336 me
964 2310 1119 2347 spersor
1149 2298 1276 2336 inanis
1306 2299 1423 2337 erit⁷:

524 2364 616 2402 Hec
645 2369 737 2401 sunt
765 2362 884 2402 verba
913 2363 988 2410 dei,
1019 2363 1131 2401 cuius
1160 2363 1211 2402 de
1240 2364 1417 2413 pondere
1445 2364 1540 2414 legis

525 2429 650 2468 Addit
679 2429 741 2468 vel
771 2429 912 2467 minuit
942 2429 1003 2467 lex
1033 2429 1203 2478 positiua
1232 2429 1364 2467 nichil.

464 2575 543 2609 Hic
566 2576 726 2610 tractat
747 2574 869 2618 quod,
896 2575 1006 2609 sicut
1028 2584 1115 2609 non
1138 2574 1258 2609 decet
1282 2574 1472 2609 dominos
1490 2576 1746 2619 temporales
1767 2586 1883 2610 vsur-

416 2644 518 2677 pare
542 2634 622 2669 sibi
647 2634 833 2678 regimen
850 2634 894 2668 in
915 2633 1214 2677 spiritualibus,
1232 2633 1294 2667 ita
1319 2643 1405 2667 non
1432 2633 1550 2668 decet
1575 2635 1674 2669 cleri
1697 2635 1884 2679 prelatos

417 2694 672 2737 attemptare
697 2693 778 2727 sibi
804 2703 980 2736 guerras
1006 2694 1048 2727 et
1077 2692 1316 2726 huiusmodi
1343 2693 1607 2736 temporalia,
1634 2703 1712 2737 que
1742 2694 1882 2728 mundi

417 2750 614 2795 superbia
632 2753 674 2786 et
691 2752 877 2786 auaricia
894 2751 1103 2785 inducunt.

281 2822 410 2871 Capsu.
434 2820 480 2858 ix.
581 2820 735 2858 Anulus
765 2827 805 2859 et
834 2820 998 2859 baculus
1027 2827 1119 2859 sunt
1147 2820 1206 2858 ius
1236 2821 1376 2870 papale
1404 2828 1627 2870 sequentes,

418 2896 485 2935 546
501 2896 546 2926 sit
563 2895 620 2927 CE
715 2897 776 2936 561
796 2896 849 2927 No
860 2896 1057 2938 paragraph
1076 2896 1099 2928 S
1197 2895 1279 2936 Cap.
1294 2896 1328 2927 ix
1341 2896 1501 2938 Heading
1529 2907 1548 2927 2
1566 2907 1628 2928 nec
1645 2897 1744 2928 decet
1760 2896 1881 2928 CEDL
