2095 3173
670 222 858 262 LIBER
901 221 1142 263 PR1Mus
1586 237 1635 275 31

278 331 443 376 Ponere,
475 328 570 379 quin
599 328 748 366 faciunt
777 328 881 367 fossa
911 328 1089 367 timenda
1118 328 1260 376 nimis;

278 395 421 433 Nullus
451 401 490 433 et
519 394 667 432 hirsuta
697 406 820 432 nexus
850 395 1117 444 constringere
1147 394 1248 432 colla

278 460 395 498 Tunc
424 460 564 509 potuit,
597 466 656 497 set
685 459 740 497 eis
770 472 890 498 omne
919 458 1064 497 licebat
1094 460 1177 497 iter.

281 526 409 563 Deuia
438 532 576 575 natura
605 526 661 562 sic
691 531 790 562 errat
819 524 869 562 ab
899 525 1048 571 ordine,
1082 537 1211 563 mores

281 592 428 628 Porcus
459 591 567 639 quod
598 590 705 639 porci
737 602 816 627 non
847 589 977 636 habet,
1010 590 1133 628 immo
1163 590 1256 639 lupi.
1578 606 1643 637 320

335 656 445 694 Inter
473 667 541 693 eos
570 667 663 704 aper
692 667 791 693 vnus
821 661 902 693 erat
931 667 1050 704 quem
1082 655 1236 693 Kancia
1265 655 1404 702 duxit3

282 722 404 760 Terra
433 719 507 758 sibi
537 720 705 758 similem
735 719 881 758 ducere
911 720 1018 757 nulla
1046 727 1186 769 potest.

283 786 438 824 Emicat
468 798 515 824 ex
543 785 679 832 oculis,
711 786 830 834 spirat
858 797 1020 834 quoque
1049 793 1207 834 pectore
1238 786 1425 831 flammas,

283 851 408 890 Cuius
437 850 488 889 ab
517 851 607 901 igne
636 850 773 900 procul
802 850 864 887 vix
893 850 964 888 fuit
993 863 1069 888 vna
1099 851 1266 889 domus:

284 916 452 969 Fulmen
482 915 533 954 ab
563 928 630 954 ore
660 916 774 962 volat,
806 914 911 953 vrbis
940 915 1135 954 afflatibus
1165 916 1289 964 ardet,

284 982 345 1019 Ac
375 981 637 1031 elephantinis
667 980 854 1019 dentibus
883 993 991 1018 arma
1020 987 1153 1029 parat:

286 1047 456 1085 Feruida
484 1060 576 1084 cum
606 1059 725 1084 rauco
754 1047 853 1084 latos
883 1046 1049 1084 stridore
1078 1058 1147 1095 per
1174 1059 1304 1084 armos

285 1113 445 1162 Spuma,
477 1119 535 1151 set
565 1113 741 1150 humano
771 1111 962 1161 sanguine
991 1111 1122 1158 mixta,
1155 1111 1264 1159 fluit3

287 1178 607 1227 stridentemque
637 1189 744 1215 nouo
774 1189 955 1225 spumam
986 1189 1078 1213 eum
1108 1177 1299 1225 sanguine
1328 1176 1468 1223 fundit,

288 1243 420 1291 Quem
450 1243 529 1280 fera
558 1242 609 1280 de
638 1242 771 1291 iugulo
801 1240 928 1290 plebis
958 1241 997 1278 in
1027 1253 1121 1278 arua
1150 1241 1250 1279 ruit:
1587 1257 1650 1287 330

289 1308 380 1356 Que
409 1308 495 1346 ferit
525 1320 572 1346 ex
600 1308 730 1356 capite
760 1306 971 1345 fortissima
1001 1306 1155 1344 subruit
1184 1307 1278 1356 ipse,

290 1374 471 1411 Preualet
501 1373 668 1411 insultus
698 1373 855 1411 vincere
885 1384 1005 1410 nemo
1035 1384 1154 1410 suos:

290 1439 414 1488 Erigit
443 1439 493 1476 ad
523 1439 672 1477 bellum
702 1450 744 1476 se
773 1437 933 1487 signifer
962 1438 1120 1475 horrida
1149 1438 1291 1484 ceruix,

291 1504 420 1554 Inque
450 1504 578 1542 furore
608 1516 680 1541 suo
710 1503 859 1553 tigridis
890 1503 1010 1541 instar
1039 1502 1159 1541 habet
1174 1517 1184 1551 ;

291 1570 343 1607 Et
374 1576 456 1608 sete
487 1569 620 1619 rigidis
650 1569 797 1607 similes
828 1567 1035 1606 hastilibus
1065 1568 1236 1615 horrent,

292 1635 384 1684 Que
413 1635 537 1685 magis
567 1635 708 1673 inferni
739 1635 855 1672 noxia
886 1634 995 1684 signa
1024 1641 1176 1683 gerunt.

292 1701 400 1739 Sicut
429 1707 572 1739 onusta
600 1707 753 1738 carecta
782 1700 922 1747 fremit,
954 1712 1023 1738 seu
1053 1699 1207 1738 frendet
1235 1711 1427 1749 aquarum

294 1766 453 1813 Cursus,
486 1766 622 1815 sicque
652 1778 744 1803 suus
774 1778 975 1803 murmura
1004 1777 1142 1814 passus
1173 1765 1316 1803 habet:

296 1833 386 1870 Hec
416 1832 496 1870 fera
524 1838 745 1870 crescentes
775 1837 927 1880 segetes
957 1830 1159 1880 proculcat
1190 1830 1229 1867 in
1259 1829 1392 1875 herba,

296 1898 347 1934 Et
376 1908 548 1935 cererem
578 1897 709 1945 paleas
740 1896 898 1934 triuerat
928 1895 1050 1944 inque
1079 1895 1200 1932 leues.
1596 1907 1657 1937 340

295 1962 432 2001 Creuit
460 1973 554 2010 aper
582 1961 692 2010 quod
721 1973 770 1999 eo
799 1961 966 1998 maiores
997 1959 1162 1997 herbida
1191 1965 1369 1996 monstro

297 2027 453 2065 Educat
481 2033 652 2075 agrestes
680 2038 827 2075 pascua
856 2025 963 2063 nulla
992 2025 1104 2063 feras.

298 2093 392 2130 Non
421 2092 531 2130 locus
561 2098 620 2129 est
649 2097 757 2129 tutus
788 2091 827 2128 in
849 2103 968 2140 quem
999 2090 1079 2128 fera
1108 2095 1216 2127 tanta
1246 2089 1426 2134 minatur,

299 2158 355 2196 Sit
384 2157 459 2194 nisi
489 2157 655 2203 celestis,
688 2168 769 2206 quo
798 2156 901 2193 mala
931 2155 1029 2193 ferre
1059 2154 1206 2204 nequit.

299 2223 363 2261 Ira
392 2223 472 2260 fere
501 2228 610 2259 mota
639 2222 756 2259 furias
786 2220 940 2259 excedit
969 2220 1099 2266 abissi,

300 2288 424 2327 Cuius
453 2287 493 2324 in
522 2287 699 2325 aduentu
729 2286 853 2336 patria
882 2292 965 2324 tota
993 2285 1147 2323 fremit:

301 2354 361 2390 Ex
389 2353 575 2402 aquilone
604 2358 738 2390 tamen
769 2364 896 2390 verres
925 2351 1031 2389 venit
1060 2351 1167 2397 alter,
1199 2355 1243 2387 et
1272 2361 1367 2398 apro

301 2418 514 2465 Conuenit,
546 2424 586 2455 vt
615 2417 757 2467 pariter
785 2417 889 2455 fossa
918 2429 1054 2466 parare
1083 2421 1241 2465 queant.

355 2483 479 2533 Tegia
508 2483 607 2520 silua
637 2483 762 2521 ferum
792 2482 910 2521 talem
941 2495 1021 2520 non
1052 2480 1212 2530 protulit
1242 2491 1391 2528 aprum,

303 2549 498 2597 Quamuis
528 2549 568 2586 in
600 2548 800 2586 Archadia
828 2548 1022 2585 maximus
1053 2546 1117 2584 ille
1147 2545 1242 2583 fuit:
1601 2556 1664 2587 350

304 2615 399 2652 Non
428 2613 481 2651 ita
509 2613 730 2652 commouit
759 2613 800 2650 in
830 2611 1034 2651 montibus
1066 2609 1251 2649 Herculis
1281 2609 1390 2654 iram,

304 2678 502 2717 Gentibus
530 2685 598 2716 aut
621 2678 706 2716 aliis
736 2677 888 2716 obstitit
918 2678 1002 2727 ipse
1031 2677 1113 2723 viis,

307 2743 416 2793 Quin
446 2744 570 2793 magis
600 2744 654 2780 hii
684 2743 804 2793 porci,
837 2756 906 2793 per
935 2741 1118 2791 sompnia
1148 2751 1248 2789 quos
1279 2750 1353 2788 ego
1381 2736 1475 2784 vidi,

240 2840 301 2871 321
328 2830 445 2861 cancia
462 2829 541 2860 EH2
587 2830 726 2861 ffrancia
744 2830 774 2859 D
793 2829 999 2870 (rubricator)
1147 2834 1212 2866 325
1235 2825 1327 2856 vrbis
1345 2824 1370 2856 S
1416 2823 1516 2855 urbes
1535 2821 1665 2865 (vr-bes)

197 2883 354 2916 CEGDT
487 2892 552 2922 349
577 2882 687 2921 Regia
704 2882 819 2913 EDH2

7 2999 9 3002 ’
27 2996 36 3075 4

32 3079 37 3120 l

33 3121 37 3173 Ι
