2095 3173
383 243 437 281 44

850 228 982 270 VOX
1023 226 1383 270 CLAMANTIS

383 336 511 378 Balle,
530 336 599 379 qui
620 345 693 370 eos
713 335 767 369 ad
784 344 906 370 omne
923 334 1063 369 scelus
1075 334 1175 368 tunc
1189 332 1436 376 instigabat,
1454 333 1498 366 et
1515 330 1635 375 quasi
1650 329 1854 375 propheta

383 395 495 429 inter
512 404 586 429 eos
603 395 890 438 reputabatur.

261 478 389 524 (ss'apm.
414 475 460 513 xi.

547 476 677 513 Watte
705 480 830 520 vocat,
859 472 923 510 cui
950 472 1151 515 Thomme
1178 471 1297 518 venit,
1327 483 1458 521 neque
1485 471 1646 519 Symme
1671 469 1852 513 retardat,

493 542 606 578 Bette
636 551 714 589 que
745 538 878 577 Gibbe
908 538 1024 576 simul
1057 537 1203 587 Hykke
1231 537 1365 575 venire
1395 535 1556 575 iubent:

491 606 605 645 Colle
634 606 735 651 furit,
767 616 886 654 quem
918 604 1031 642 Geffe
1062 604 1180 649 iuuat,
1212 609 1455 641 nocumenta
1483 607 1677 651 parantes,

491 672 595 710 Cum
626 669 771 720 quibus
800 670 852 708 ad
881 669 1101 719 dampnum
1130 669 1247 707 Wille
1277 668 1382 706 coire
1411 673 1541 705 vouet.

492 736 636 785 Grigge
667 735 777 784 rapit,
809 735 906 773 dum
935 736 1057 773 Dawe
1086 734 1234 783 strepit,
1263 745 1398 772 comes
1428 739 1487 770 est
1516 730 1661 782 quibus
1689 728 1852 775 Hobbe,

493 801 651 850 Lorkyn
682 807 720 839 et
749 800 788 837 in
819 800 954 839 medio
984 812 1066 838 non
1095 799 1225 837 minor
1253 810 1339 837 esse
1368 804 1503 847 putat:

493 866 647 904 Hudde
676 865 774 913 ferit,
807 878 908 915 quos
939 865 1069 903 Iudde
1098 864 1198 909 terit,
1229 864 1326 902 dum
1355 862 1498 901 Tebbe
1527 861 1708 908 minatur,

494 932 618 971 Iakke
647 932 790 971 domos
819 944 897 981 que
926 931 1030 969 viros
1059 930 1166 969 vellit
1197 937 1235 968 et
1265 941 1360 968 ense
1390 935 1531 967 necat:

493 999 637 1048 Hogge
666 1009 778 1035 suam
807 1009 997 1047 pompam
1025 995 1163 1043 vibrat,
1194 995 1292 1033 dum
1321 1006 1363 1033 se
1392 1000 1504 1043 putat
1532 992 1643 1031 omni

493 1064 689 1101 Maiorem
719 1064 831 1112 Rege
860 1061 1067 1101 nobilitate
1096 1062 1203 1100 fore:

492 1129 602 1166 Balle
630 1129 824 1178 propheta
853 1128 982 1175 docet,
1014 1139 1134 1177 quem
1164 1126 1322 1175 spiritus
1351 1132 1443 1163 ante
1472 1123 1667 1174 malignus

493 1195 677 1242 Edocuit,
710 1206 787 1243 que
818 1206 887 1232 sua
916 1200 1011 1231 tunc
1041 1193 1112 1230 fuit
1141 1193 1220 1230 alta
1248 1192 1365 1230 scola.

490 1260 604 1298 Talia
633 1272 754 1309 quam
783 1260 914 1309 plures
945 1259 1062 1297 furias
1092 1270 1162 1308 per
1191 1258 1355 1296 nomina
1385 1256 1492 1303 noui,

492 1326 583 1374 Que
613 1326 766 1364 fuerant
795 1325 869 1362 alia
899 1337 1026 1374 pauca
1055 1323 1241 1362 recordor
1269 1335 1368 1372 ego:

492 1391 632 1440 Sepius
662 1391 884 1429 exclamant
913 1396 1179 1428 monstrorum
1209 1387 1374 1427 vocibus
1403 1387 1502 1435 altis,

492 1457 627 1505 Atque
656 1456 786 1494 modis
815 1455 929 1493 variis
959 1455 1056 1493 dant
1085 1454 1232 1493 variare
1260 1461 1389 1492 tonos,

547 1521 724 1570 Quidam
754 1527 974 1559 sternutant
1002 1521 1204 1559 asinorum
1234 1532 1344 1558 more
1373 1519 1510 1566 ferino,

493 1587 671 1636 Mugitus
701 1586 863 1635 quidam
895 1598 1135 1635 personuere
1164 1585 1288 1624 boum
1304 1599 1314 1633 3

493 1652 669 1700 Quidam
700 1664 908 1701 porcorum
938 1652 1145 1701 grunnitus
1175 1650 1411 1689 horridiores

494 1717 703 1764 Emittunt,
735 1729 813 1766 que
843 1729 915 1754 suo
945 1728 1146 1754 murmure
1174 1722 1276 1753 terra
1304 1714 1462 1753 tremit:

493 1783 666 1820 Frendet
695 1794 788 1831 aper
817 1794 1017 1831 spumans,
1049 1793 1215 1832 magnos
1245 1780 1336 1818 facit
1366 1787 1485 1829 atque
1513 1778 1717 1825 tumultus,

493 1848 545 1885 Et
575 1848 732 1897 quiritat
761 1860 890 1886 verres
919 1854 1035 1897 auget
1065 1854 1104 1885 et
1133 1847 1217 1896 ipse
1246 1859 1366 1885 sonos
1381 1860 1392 1894 3

494 1914 756 1963 Latratusque
786 1913 889 1951 ferus
919 1912 1023 1951 vrbis
1053 1919 1339 1962 compresserat
1368 1924 1492 1958 auras,

494 1980 684 2028 Dumque
712 1990 857 2016 canum
887 1979 1037 2017 discors
1066 1991 1141 2016 vox
1170 1977 1384 2016 furibunda
1412 1977 1528 2015 volat.

492 2044 634 2093 Vulpis
664 2055 783 2093 egens
812 2044 946 2090 vlulat,
978 2044 1094 2093 lupus
1124 2050 1163 2081 et
1192 2050 1371 2081 versutus
1401 2043 1441 2080 in
1470 2042 1595 2080 altum

494 2109 741 2155 Conclamat,
773 2120 851 2157 que
880 2121 972 2146 suos
1001 2116 1199 2147 conuocat
1228 2109 1311 2157 ipse
1341 2120 1478 2156 pares,

496 2175 583 2213 Nec
612 2174 743 2212 minus
774 2174 814 2211 in
844 2174 975 2212 sonitu
1005 2173 1205 2211 concussit
1233 2174 1408 2222 garrulus
1436 2184 1556 2210 ancer

495 2241 633 2286 Aures,
665 2251 743 2288 que
772 2238 905 2277 subito
934 2238 1039 2276 fossa
1067 2238 1205 2277 dolore
1234 2244 1405 2287 pauent:

495 2304 733 2342 Bombizant
762 2316 892 2353 vaspe,
923 2316 1045 2342 sonus
1074 2310 1133 2342 est
1159 2303 1379 2341 horrendus
1409 2314 1557 2349 eorum,

496 2370 639 2408 Nullus
669 2376 708 2407 et
736 2382 902 2408 examen
933 2369 1182 2407 dinumerare
1212 2375 1365 2418 potest:

496 2435 761 2475 Conclamant
790 2435 932 2484 pariter
961 2435 1098 2473 hirsuti
1128 2446 1238 2472 more
1266 2433 1404 2480 leonis,

495 2501 710 2551 Omneque
739 2501 782 2538 fit
811 2501 922 2550 peius
952 2501 1062 2551 quod
1091 2500 1162 2538 fuit
1190 2506 1282 2537 ante
1311 2499 1470 2536 malum.

496 2567 604 2604 Ecce
633 2566 741 2604 rudis
770 2566 940 2615 clangor,
973 2578 1093 2604 sonus
1122 2565 1235 2612 altus,
1266 2564 1437 2614 fedaque
1466 2564 1556 2611 rixa,

496 2633 585 2670 Vox
614 2632 667 2669 ita
695 2630 877 2669 terribilis
907 2643 988 2669 non
1018 2631 1090 2669 fuit
1118 2631 1193 2668 vlla
1221 2629 1351 2679 prius:

434 2735 518 2775 Cap.
538 2735 581 2765 xi.
606 2734 768 2776 Heading
809 2745 829 2775 3
854 2739 934 2766 tunc
952 2745 1017 2766 om.
1035 2734 1063 2765 T

435 2787 497 2825 784
522 2787 688 2826 Betteque
703 2786 833 2819 CEHG
880 2787 1055 2826 Recteque
1071 2786 1132 2817 DT

1793 939 1856 974 790

1792 1588 1858 1618 800

1240 2784 1355 2825 hykke
1372 2785 1399 2816 C
1445 2784 1545 2815 hikke
1563 2784 1591 2816 E
1636 2783 1735 2815 hicke
1753 2782 1854 2815 HGD

391 2840 454 2878 788
470 2839 599 2870 Lorkin
619 2839 719 2870 HGD
819 2840 882 2880 789
897 2839 1013 2872 Cebbe
1031 2839 1061 2870 D
1160 2848 1223 2878 790
1240 2837 1340 2869 Iacke
1360 2837 1461 2868 HGD
1557 2847 1620 2878 792
1643 2836 1734 2878 fore]
1750 2846 1810 2867 sua
1829 2834 1855 2865 E

391 2900 453 2931 795
469 2891 690 2931 quamplures
709 2891 810 2922 HGD
943 2892 1005 2923 811
1032 2900 1149 2922 eorum
1166 2889 1326 2921 CEHGT
1371 2899 1485 2920 earum
1505 2889 1535 2920 D
