2095 3173
411 234 488 272 170

877 223 1007 264 VOX
1048 223 1404 264 CLAMANTIS

516 329 579 366 Ne
610 341 678 379 pes
708 328 865 368 deficiat
894 327 1038 366 ventris
1068 328 1142 366 sub
1172 329 1348 378 pondere
1377 342 1544 378 pressuS,

516 394 691 442 Quando
720 393 820 431 bibit
849 394 1069 431 monachus
1097 394 1280 442 persedet
1308 393 1391 443 ipse
1419 393 1551 443 prius:

516 455 687 506 Expedit
715 463 754 494 et
783 456 981 494 monacho
1010 468 1140 493 rasum
1170 463 1288 506 caput
1317 469 1402 494 esse
1431 457 1613 502 rotundo,

515 521 577 559 Ne
606 534 722 559 coma
750 519 954 571 perpediat
982 521 1157 570 pendula
1184 522 1346 571 quando
1376 520 1499 559 bibit:

516 588 659 624 Mutua
687 593 803 636 pacta
831 587 960 624 ferunt
989 585 1185 634 monachi,
1218 588 1338 637 quod,
1371 587 1402 625 si
1432 586 1519 637 quis
1549 600 1685 626 eorum

515 650 711 697 Prebibat‚
744 650 784 689 in
812 652 938 690 fundo
967 651 1022 689 nil
1051 665 1253 690 remanere
1282 651 1383 690 sinet
1398 666 1408 699 ς

515 718 700 766 Vasaque
729 716 784 755 sic
814 718 932 767 plena
959 725 1129 755 vacuant
1158 730 1235 767 que
1265 719 1417 768 replent
1444 725 1619 764 vacuata,

514 783 567 819 Vt
596 781 741 820 faciant
771 782 895 820 Bachi
925 782 1081 833 propria
1109 784 1208 821 festa
1236 783 1338 821 loci:

513 846 577 885 Sic
606 849 757 886 confert
788 849 986 886 monacho
1014 847 1132 886 vestis
1162 848 1377 898 largissima
1405 850 1536 899 pleno,

513 913 576 951 Ne
605 920 737 963 pateat
764 913 887 963 grossi
916 913 1061 952 ventris
1090 927 1231 964 ymago
1261 913 1330 952 sui.

569 979 616 1015 In
646 979 845 1017 monacho
874 978 941 1017 tali
971 992 1126 1029 semper
1154 978 1244 1017 furit
1273 980 1388 1017 ardor
1417 978 1573 1025 edendi,

514 1045 622 1081 Dant
651 1043 763 1082 cibus
793 1052 831 1083 et
861 1058 1052 1095 sompnus
1082 1058 1159 1095 que
1190 1044 1298 1095 cupit
1324 1044 1407 1095 ipse
1438 1044 1584 1094 magis:

512 1110 635 1158 Quod
664 1117 820 1160 pontus,
853 1112 963 1160 quod
991 1118 1092 1149 terra
1120 1109 1230 1160 parit,
1263 1111 1372 1160 quod
1401 1118 1440 1149 et
1469 1111 1612 1149 educat
1641 1123 1716 1157 aer,

512 1175 572 1212 Ex
600 1174 727 1213 auidis
756 1174 897 1214 auidus
927 1176 1107 1214 faucibus
1136 1175 1220 1226 ipse
1248 1183 1385 1224 vorat3

510 1241 643 1290 thue
672 1242 814 1279 fretum
844 1241 981 1292 recipit
1010 1242 1061 1280 de
1090 1249 1173 1280 tota
1202 1241 1366 1279 flumina
1394 1248 1505 1288 terra,

512 1305 563 1342 Et
592 1312 725 1343 tamen
753 1295 870 1345 aucta
899 1306 1014 1345 maris
1044 1308 1204 1357 crapula
1232 1320 1387 1357 semper
1414 1306 1507 1353 hiat,

510 1370 662 1420 Gurges
691 1378 730 1409 et
758 1378 798 1409 vt
827 1371 936 1422 putei
965 1371 1190 1422 peregrinos
1220 1371 1382 1422 suscipit
1410 1385 1586 1422 ampnes,

511 1435 880 1486 Quantumcunque
909 1438 1048 1484 fluunt,
1080 1451 1154 1475 nec
1184 1437 1352 1475 saciatur
1379 1436 1504 1487 aquis,

509 1501 564 1538 Vt
593 1508 741 1539 cremat
770 1500 969 1540 inmensas
999 1503 1210 1552 pluresque
1240 1503 1344 1540 faces
1374 1503 1480 1540 calor
1508 1501 1618 1552 ignis,

510 1566 561 1603 Et
590 1564 675 1612 sibi,
708 1579 788 1616 quo
819 1566 942 1617 magis
972 1574 1031 1605 est
1060 1566 1187 1617 copia,
1219 1568 1331 1617 plura
1359 1566 1467 1616 petit,

508 1629 573 1668 Sic
602 1633 737 1681 epulas
767 1631 890 1670 varias
921 1631 1120 1670 consumit
1148 1632 1199 1670 ab
1228 1645 1295 1670 ore
1324 1633 1531 1682 prophano

512 1695 713 1746 Ingluuies
744 1696 929 1735 monachi
959 1697 1103 1735 ventris
1132 1711 1266 1736 amore
1296 1697 1355 1735 sui
1371 1712 1380 1745 3

509 1760 572 1799 Sic
601 1761 698 1811 gerit
728 1761 792 1800 ille
821 1775 981 1812 grauem
1012 1770 1165 1801 maturo
1195 1764 1371 1813 pondere
1401 1770 1578 1801 ventrem

508 1828 559 1864 Et
587 1826 682 1865 levis
711 1840 735 1865 a
764 1827 893 1866 Cristo
922 1841 1034 1866 mens
1063 1835 1227 1866 vacuata
1256 1827 1366 1866 redit.

507 1891 671 1930 Potibus
700 1901 925 1943 assumptus
954 1907 1063 1932 sacer
1090 1893 1155 1932 hic
1184 1907 1265 1932 non
1295 1893 1452 1932 mobilis
1481 1900 1596 1941 extat,

509 1956 689 1996 Firmiter
717 1966 756 1997 et
785 1966 944 2009 sumpto
974 1966 1050 1997 stat
1078 1959 1206 2009 grauis
1236 1959 1319 2010 ipse
1348 1961 1437 1998 loco
1453 1974 1463 2007 ,·

507 2022 571 2060 Sic
600 2031 759 2074 sumpto
789 2023 882 2062 vino
911 2025 1198 2063 monachorum
1228 2032 1357 2075 torpet
1386 2024 1503 2063 inane

508 2089 663 2136 Pectus,
695 2096 733 2127 et
762 2102 786 2127 a
814 2089 972 2127 claustri
1002 2091 1179 2140 pondere
1208 2090 1314 2128 cedit
1343 2103 1443 2128 onus
1463 2105 1473 2137 3

506 2152 570 2191 Sic
600 2153 722 2203 magis
752 2153 914 2204 impleta
942 2154 1007 2204 pia
1034 2156 1209 2205 gaudent
1237 2154 1387 2193 viscera
1414 2156 1512 2201 fuso,

508 2219 598 2266 Que
628 2219 737 2256 fouet
765 2220 895 2257 afflata
924 2219 1081 2269 spiritus
1110 2219 1186 2266 ille,
1218 2233 1327 2257 mero
1342 2234 1351 2267 3

506 2283 570 2322 Sic
600 2283 725 2322 sancti
753 2283 902 2322 faciunt
931 2286 1069 2335 longos
1099 2284 1364 2323 medicamina
1392 2298 1592 2335 sompnos,

505 2349 751 2399 Sumptaque
779 2348 870 2387 vina
897 2349 1014 2387 nimis
1043 2363 1162 2388 causa
1190 2349 1340 2399 soporis
1369 2357 1493 2388 erunt.

507 2413 599 2452 Rite
628 2413 769 2452 bibens
798 2414 934 2452 vinum
964 2414 1012 2453 sit
1040 2422 1170 2453 castus
1199 2414 1344 2469 nescio,
1376 2428 1549 2465 namque

506 2478 570 2517 Sic
600 2481 736 2518 Venus
765 2479 805 2517 in
835 2479 934 2518 vinis
964 2479 1063 2530 ignis
1092 2488 1131 2518 vt
1161 2479 1250 2530 igne
1279 2480 1392 2518 furit:

504 2543 653 2582 Tucius
681 2558 773 2595 ergo
801 2547 938 2583 Venus
966 2545 1122 2583 latitans
1152 2545 1225 2583 sub
1254 2553 1361 2584 veste
1390 2544 1541 2584 dolenti

506 2610 676 2657 Gaudet,
707 2610 861 2660 subque
890 2624 998 2649 sacra
1027 2613 1154 2650 fronte
1183 2612 1396 2661 nephanda
1424 2611 1531 2660 gerit.

561 2676 783 2713 Murmurat
813 2675 963 2715 inuidia
993 2675 1177 2714 monachi
1208 2677 1281 2714 sub
1311 2676 1480 2726 pectoris
1509 2684 1634 2724 antro,

506 2739 562 2777 Os
592 2739 678 2778 silet
707 2740 885 2788 exterius,
918 2755 1030 2780 mens
1059 2749 1192 2779 tamen
1222 2741 1326 2779 intus
1355 2741 1433 2791 agit
1450 2757 1460 2790 3

508 2805 558 2841 Et
587 2804 679 2854 quia
708 2805 840 2855 lingua
869 2814 983 2853 tacet,
1016 2819 1154 2844 manus
1184 2814 1242 2844 est
1272 2820 1349 2856 que
1379 2807 1538 2846 conscia
1567 2806 1685 2857 signis

506 2867 672 2907 Fabulat
701 2868 741 2907 in
771 2869 901 2920 digitis
931 2870 1059 2922 turpia
1087 2873 1199 2922 plura
1228 2871 1319 2910 satis
1334 2886 1344 2919 3

1816 798 1877 830 140

1812 1453 1870 1485 150

1805 2095 1868 2127 160

1800 2756 1863 2790 170
