2095 3173
45 1136 56 1169 (
67 1134 169 1181 3ap111.
194 1130 306 1168 xxiiii.

708 237 896 281 LIBER
936 236 1210 278 TERCIUS
1547 271 1551 276 .
1615 249 1690 290 155

335 343 451 383 Ledit
480 357 571 383 eum
599 343 755 394 grauius
784 343 947 382 crimine
976 343 1067 382 iuris
1097 357 1209 381 onus.
1607 358 1690 391 1770

336 411 454 447 Heu!
494 410 603 459 quod
631 408 767 459 iniqua
796 422 936 447 manus
966 408 1173 447 mulierum
1203 409 1293 448 feda
1322 407 1519 459 pudendis

336 475 468 512 Debet
496 473 537 511 in
565 473 674 512 altari
705 481 862 524 tangere
891 487 1000 512 sacra
1028 474 1116 512 dei!

336 539 417 588 Qui
446 553 588 589 corpus
618 538 770 577 domini
799 539 991 586 tractabit,
1023 547 1061 577 et
1090 546 1148 577 est
1178 538 1370 577 meretrici

335 604 519 654 Turpiter
549 611 746 651 attractus,
780 603 930 643 Cristus
959 604 1143 642 abhorret
1172 617 1283 654 opus.

338 668 417 718 Qui
446 670 584 707 fierent
613 668 730 708 Cristi
760 668 872 716 serui,
904 676 995 707 sunt
1024 670 1200 719 dumque
1229 668 1395 707 ministri

337 734 541 782 Demonis,
573 735 674 772 heu!
712 741 886 772 nostram
915 733 1002 784 quis
1032 734 1225 785 reparabit
1253 735 1401 785 opem?

277 879 355 914 Hic
401 880 599 915 describit
640 880 818 925 qualiter
858 880 999 914 omnia
1037 882 1078 915 et
1115 880 1282 924 singula
1335 890 1411 923 que
1463 879 1696 914 sacerdocii

230 941 485 973 concernunt
522 939 696 973 officium
733 949 887 983 magne
922 938 1097 973 virtutis
1133 938 1325 973 misteria
1361 938 1608 982 designant:
1652 940 1695 972 et

229 997 360 1040 primo
390 998 502 1032 dicet
532 998 583 1032 de
613 998 804 1033 vestibus
836 997 1170 1033 sacerdotalibus
1195 1008 1246 1032 ex
1270 999 1450 1040 vtraque
1474 997 1566 1040 lege
1591 1006 1695 1032 com-

230 1058 422 1100 petenter
446 1056 678 1100 dispositis.

394 1131 430 1170 O
461 1131 563 1169 bene
592 1131 624 1169 si
652 1138 790 1181 penset
819 1144 896 1180 que
925 1138 1016 1168 sunt
1045 1129 1119 1168 sibi
1148 1130 1230 1168 iura
1261 1131 1454 1177 sacerdos,

341 1196 451 1245 Quid
480 1196 528 1234 sit
558 1197 694 1244 honor,
727 1195 823 1246 quid
853 1209 964 1243 onus,
996 1195 1092 1245 quid
1121 1197 1183 1233 vel
1212 1194 1372 1233 honoris
1402 1208 1514 1245 opus,

342 1261 502 1311 Singula
531 1261 598 1311 qui
627 1261 727 1299 iuste
756 1260 831 1298 sibi
859 1261 1063 1311 ponderat,
1094 1260 1213 1298 instat
1243 1267 1280 1298 et
1310 1273 1422 1310 eque,

341 1328 423 1365 Res
453 1334 510 1365 est
539 1326 637 1364 mira
665 1325 793 1373 nimis,
825 1325 856 1363 si
886 1327 988 1363 male
1016 1332 1141 1375 gestet
1171 1338 1282 1363 onus.
1616 1332 1698 1371 1780

341 1391 474 1431 Omne
503 1393 612 1442 quod
640 1390 704 1429 ille
734 1398 856 1429 status
886 1390 961 1428 sibi
989 1390 1172 1428 vendicat
1201 1403 1287 1428 esse
1316 1389 1477 1428 beatum

342 1456 534 1503 Cernitur,
565 1464 605 1494 vt
634 1455 759 1494 sancti
787 1455 865 1494 sint
894 1455 1016 1506 magis
1046 1455 1140 1493 inde
1168 1454 1248 1492 viri.

343 1523 437 1560 Non
466 1529 524 1560 est
553 1529 633 1559 tam
664 1521 867 1560 modicum
897 1521 1006 1570 quod
1035 1520 1154 1558 misse
1183 1527 1334 1571 spectat
1362 1520 1414 1559 ad
1443 1533 1567 1566 Vsum,

342 1588 447 1637 Lege
477 1588 726 1625 sacerdotum
756 1586 852 1636 quin
881 1587 996 1625 decet
1025 1599 1110 1624 esse
1140 1599 1305 1624 sacrum.

343 1652 515 1691 Ornatus
544 1651 648 1698 varii,
681 1651 825 1702 quibus
854 1651 972 1689 vtitur
1000 1650 1084 1701 ipse
1114 1652 1307 1697 sacerdos,

343 1716 507 1755 Virtutis
536 1716 640 1755 varie
669 1716 823 1755 mistica
851 1715 962 1766 signa
989 1724 1138 1766 gerunt.

344 1781 508 1820 Poderis
538 1789 596 1820 est
624 1781 753 1828 vestis,
784 1781 894 1819 aliter
923 1794 1000 1830 que
1029 1780 1171 1819 dicitur
1199 1781 1299 1827 alba,

345 1846 554 1884 Presbiteri
583 1859 725 1896 corpus
755 1860 832 1896 que
862 1845 956 1895 tegit
984 1859 1107 1894 vsque
1136 1846 1282 1895 pedes:

345 1912 399 1949 Vt
428 1910 520 1949 foris
551 1918 609 1949 est
637 1911 761 1957 albus,
793 1911 902 1948 fieret
931 1909 986 1948 sic
1015 1909 1141 1948 albior
1169 1909 1274 1947 intus

347 1975 553 2022 presbiter,
584 1982 625 2013 vt
654 1988 782 2013 mores
811 1983 936 2025 gestet
964 1975 1004 2012 in
1034 1975 1129 2013 orbe
1158 1975 1296 2013 bonos.
1620 1989 1704 2022 1750

350 2038 514 2078 Cinctus
545 2039 665 2087 ephot
696 2039 854 2076 Samuel
884 2037 1036 2075 domini
1066 2038 1198 2075 studet
1227 2050 1312 2075 esse
1342 2035 1529 2082 minister,

349 2103 424 2143 Cui
453 2116 615 2153 paruam
644 2102 818 2140 tunicam
848 2102 970 2140 texuit
998 2104 1117 2139 Anna
1145 2115 1310 2152 parens:

350 2169 398 2206 In
426 2167 559 2206 tunica
587 2167 696 2206 tenui
725 2164 817 2206 fidei
846 2167 1025 2206 doctrina
1053 2175 1221 2214 notatur,

349 2234 439 2282 Qua
467 2240 605 2271 tenues
634 2232 787 2271 animos
816 2232 945 2282 gracia
973 2239 1097 2270 mater
1124 2231 1215 2269 alit:

350 2300 409 2336 Ex
436 2297 518 2336 lino
547 2299 694 2336 factum
723 2311 792 2348 per
821 2299 942 2348 ephot
972 2297 1145 2347 signatur
1173 2298 1360 2335 honestas

350 2362 499 2410 Carnis,
531 2376 650 2413 quam
680 2363 871 2401 mundam
900 2362 1090 2413 presbiter
1118 2362 1201 2412 ipse
1230 2368 1346 2411 geret.

404 2429 562 2466 Balteus
592 2435 649 2466 est
678 2427 814 2474 eciam,
846 2427 1021 2465 tunicam
1051 2426 1119 2476 qui
1147 2425 1298 2475 stringit
1327 2426 1504 2471 honeste,

350 2494 412 2531 Ne
440 2493 566 2530 femur
593 2492 634 2530 in
662 2493 754 2530 luxu
783 2494 885 2531 facta
913 2493 1101 2542 pudenda
1129 2490 1248 2529 sciat:

350 2559 440 2595 Fert
468 2558 668 2596 humerale
697 2559 855 2604 decens,
887 2565 926 2595 vt
956 2564 1107 2594 nostras
1137 2554 1328 2605 presbiter
1357 2567 1465 2604 egras

351 2622 589 2661 Consortans
617 2622 767 2660 animas
796 2624 847 2661 ad
877 2622 1038 2660 meliora
1067 2623 1189 2659 ferat:
1623 2627 1706 2657 1800

353 2688 404 2724 Et
432 2686 524 2736 ligat
552 2686 593 2724 in
622 2700 777 2725 summo
807 2687 962 2737 sapiens
992 2685 1157 2736 capitale
1187 2686 1380 2731 sacerdos,

352 2753 406 2789 Vt
434 2750 572 2801 capitis
601 2764 737 2790 sensus
767 2765 848 2789 non
877 2751 978 2789 sinat
1006 2751 1061 2789 ire
1089 2763 1218 2800 vagos.

355 2817 486 2854 Infula
513 2815 627 2854 vestit
655 2829 746 2854 eum
775 2816 1027 2863 circumdata,
1059 2829 1136 2865 que
1164 2814 1262 2852 nitet
1290 2827 1396 2860 auro,

355 2882 476 2930 Quod
505 2880 645 2919 virtute
674 2894 744 2919 sua
772 2889 914 2919 cuncta
941 2882 1098 2919 metalla
1126 2879 1222 2929 regit
1235 2894 1246 2927 3
