2121 3173
613 284 653 325 O
695 283 1070 325 RECOLENDE
1110 296 1202 324 ETc.
1561 297 1641 336 345

222 390 416 434 Epistola
427 390 579 433 breuis,
591 390 701 425 vnde
714 389 893 425 virtutes
906 390 1020 435 regie
1033 391 1215 426 morales
1230 390 1283 424 ad
1295 399 1444 425 sanum
1457 389 1642 433 regimen

176 448 369 493 ampliori
386 448 585 484 memoria
602 448 849 492 dirigantur.

434 523 699 570 recolende,
732 522 849 569 bone,
881 522 944 573 pie
971 537 1046 570 rex,
1080 522 1267 570 Henrice,
1298 528 1475 573 patrone,

439 589 505 626 Ad
535 588 641 626 bona
669 587 837 637 dispone
866 600 967 637 quos
996 587 1112 638 eripis
1141 601 1164 626 a
1191 589 1420 626 Pharaone:

284 652 413 691 Noxia
442 654 611 703 depone,
645 652 789 703 quibus
819 660 878 691 est
907 654 1052 691 humus
1082 655 1155 691 hec
1185 653 1225 691 in
1254 666 1392 704 agone,

284 716 413 767 Regni
441 730 610 768 persone
639 730 719 767 quo
748 716 883 755 viuant
912 718 987 756 sub
1016 717 1184 756 racione.

283 784 429 821 Pacem
458 795 668 833 compone,
699 782 799 821 vires
829 784 1034 822 moderare
1063 796 1220 830 corone,

284 847 457 898 Legibus
478 848 649 898 ¹impone
678 849 832 886 frenum
863 848 947 886 sine
976 847 1224 896 condicione,

284 912 493 963 Firmaque
523 926 705 952 sermone
734 913 817 951 iura
845 921 979 952 tenere
1008 927 1138 952 mone.

337 979 424 1016 Rex
453 979 720 1026 confirmatus,
752 978 842 1017 licet
871 978 1047 1029 vndique
1076 978 1360 1029 magnificatus,

282 1043 365 1081 Sub
397 1043 526 1083 Cristo
555 1051 686 1094 gratus
716 1043 825 1082 viuas
855 1052 988 1082 tamen
1017 1044 1291 1082 inmaculatus.

284 1110 355 1147 Est
384 1108 455 1147 tibi
484 1110 666 1159 prelatus,
698 1122 833 1147 comes
862 1116 900 1147 et
932 1109 1036 1155 baro,
1068 1109 1170 1157 villa,
1202 1110 1381 1156 Senatus,
1605 1122 1644 1144 10

284 1173 402 1212 Miles
432 1182 470 1212 et
498 1182 671 1213 armatus
701 1174 775 1212 sub
804 1176 889 1224 lege
918 1182 985 1213 tua
1014 1175 1265 1213 moderatus:

283 1239 417 1289 Dirige
447 1253 628 1290 quosque
658 1247 791 1287 statuS,
823 1252 984 1278 maneas
1013 1252 1094 1289 quo
1122 1238 1352 1290 pacificatus
1368 1253 1378 1287 ς

284 1304 461 1351 Inuidus,
494 1307 618 1343 elatus
647 1317 721 1343 nec
750 1318 891 1343 auarus
920 1304 991 1343 erit
1021 1304 1192 1343 sociatus
1207 1319 1217 1353 ;

283 1369 346 1407 Sic
376 1369 450 1408 eris
480 1378 650 1417 ornatus,
683 1383 803 1421 purus
832 1371 883 1408 ad
912 1383 1032 1408 omne
1061 1371 1172 1408 latus.

337 1436 439 1482 Hec,
471 1443 511 1473 vt
539 1448 676 1473 amans
706 1434 844 1485 quibit,
878 1436 1029 1482 Gower,
1060 1435 1124 1485 pie
1154 1436 1253 1482 Rex,
1285 1433 1356 1472 tibi
1386 1432 1543 1472 scribit:

281 1500 375 1548 Quo
404 1499 529 1550 pietas
558 1500 641 1547 ibit,
672 1499 727 1538 ibi
755 1499 884 1550 gracia
913 1501 1020 1538 nulla
1049 1499 1214 1549 peribit:

280 1564 377 1612 Qui
407 1564 524 1603 bene
553 1563 786 1603 describit
814 1572 972 1612 semet,
1004 1565 1123 1602 mala
1151 1565 1282 1601 nulla
1311 1562 1503 1610 subibit,

281 1630 360 1668 Set
388 1629 494 1680 pius
523 1629 682 1677 exibit,
714 1643 804 1680 que
832 1629 908 1668 dei
937 1629 1116 1679 pietate
1146 1627 1345 1667 redibit:

280 1694 357 1733 Sic
386 1694 466 1745 qui
495 1695 722 1734 transibit
751 1708 868 1745 opus
897 1702 941 1733 et
970 1694 1167 1744 pietatis
1195 1693 1363 1742 adibit,

283 1761 423 1797 Hunc
443 1760 559 1798 deus
588 1759 796 1807 ascribit,
820 1760 945 1810 quod
974 1759 1032 1796 ab
1060 1760 1198 1797 hoste
1218 1758 1370 1810 perire
1399 1758 1643 1808 nequibit,

283 1825 339 1862 Et
368 1823 434 1862 sic
463 1824 618 1863 finibit
647 1824 726 1874 qui
755 1824 831 1874 pia
858 1831 967 1862 vota
995 1823 1129 1862 bibit.
1592 1837 1636 1861 21

335 1890 529 1937 Quanto
558 1889 727 1939 regalis
756 1890 907 1927 honor
936 1896 1006 1927 est
1035 1888 1123 1927 tibi
1153 1890 1257 1939 plus
1286 1887 1477 1939 generalis

282 1955 438 1992 Tanto
467 1953 625 1992 moralis
654 1953 774 1992 virtus
804 1953 875 1992 tibi
905 1952 953 1991 sit
982 1953 1189 2005 specialis:

283 2018 340 2057 Sit
370 2018 440 2056 tibi
470 2018 635 2057 carnalis
664 2018 705 2056 in
734 2019 886 2057 mundo
916 2020 1058 2068 regula,
1090 2018 1216 2069 qualis

285 2085 355 2121 Est
384 2083 455 2122 tibi
485 2083 666 2122 mentalis
696 2083 736 2121 in
767 2083 898 2123 Cristo
927 2083 1146 2134 spiritualis.

282 2148 321 2186 Si
351 2148 468 2187 fueris
498 2148 595 2196 talis,
626 2156 694 2187 tua
723 2149 894 2189 Cronica
922 2149 1160 2199 perpetualis

282 2215 316 2251 T
320 2227 397 2252 unc
426 2214 497 2252 erit
526 2214 675 2264 equalis
704 2216 956 2265 perfectaque
989 2214 1226 2253 materialis:

284 2280 370 2317 Rex
398 2279 615 2318 inmortalis
645 2287 683 2318 te
712 2288 818 2330 regat
846 2280 998 2330 absque
1026 2279 1163 2319 malis!

219 2366 249 2395 O
267 2374 480 2406 RECOLENDE,
501 2369 564 2398 &c.
587 2366 668 2398 Tz'tle
712 2366 1103 2407 Epistola—dirigantur
1117 2376 1184 2397 om.
1202 2365 1283 2397 GHs

217 2427 235 2452 4
263 2417 396 2458 margin
421 2417 511 2449 Nota
529 2419 572 2449 de
588 2417 722 2449 iusticia
737 2418 764 2449 C
901 2428 938 2449 11
965 2419 1098 2459 margin
1123 2417 1214 2448 Nota
1230 2418 1273 2448 de
1291 2417 1454 2458 regimine
1471 2418 1511 2465 C*

222 2478 323 2508 17—21
352 2467 439 2500 Over
450 2480 580 2500 erasure
595 2470 630 2501 in
647 2470 747 2510 SCG,
767 2481 807 2501 as
812 2469 948 2509 follows
962 2470 997 2501 in
1016 2469 1116 2508 HHs,

391 2520 481 2552 Dum
505 2521 559 2561 pia
581 2527 659 2553 vota
681 2521 775 2562 bibit,
799 2526 856 2553 tua
879 2522 967 2552 fama
990 2521 1083 2553 sitire
1108 2521 1269 2561 nequibit,

394 2571 500 2603 Plena
523 2577 576 2604 set
600 2574 716 2614 exibit,
744 2584 819 2605 cum
843 2574 1013 2613 laudeque
1038 2573 1140 2613 plena
1164 2573 1310 2604 redibit:

392 2623 471 2654 Non
495 2624 542 2655 sic
565 2626 729 2665 transibit,
756 2626 958 2664 vbicumque
983 2624 1137 2656 tirannus
1161 2625 1287 2662 abibit3

393 2673 479 2704 Cum
503 2674 605 2704 nimis
627 2675 763 2706 ascribit
786 2675 849 2706 sibi
874 2685 1006 2713 magna,
1033 2675 1164 2705 minora
1186 2674 1332 2714 subibit;

391 2724 436 2756 Vt
458 2725 612 2756 meritum
637 2727 758 2766 querit,
782 2737 858 2758 sors
881 2736 943 2757 sua
965 2725 1032 2757 sata
1057 2726 1157 2765 gerit.

177 2779 215 2808 18
238 2777 371 2817 margin
397 2776 485 2807 Nota
502 2777 544 2807 de
561 2777 687 2816 pietate
705 2778 732 2809 C
844 2788 881 2810 21
908 2776 980 2818 pia]
996 2778 1068 2817 pita
1085 2777 1109 2809 S
1225 2788 1266 2809 22
1290 2777 1335 2809 Vt
1350 2777 1410 2809 tibi
1428 2778 1564 2818 regalis,
1582 2779 1637 2818 pie

174 2839 247 2867 rex,
264 2829 373 2859 honor
389 2833 443 2859 est
458 2828 629 2867 generalis
646 2829 732 2861 HH=
865 2840 907 2870 23
931 2829 988 2861 Sic
1005 2839 1089 2869 rogo
1111 2829 1197 2862 HHs
1329 2839 1371 2870 25
1395 2831 1530 2872 margin
1548 2830 1637 2862 Nota

175 2881 217 2912 de
235 2880 527 2921 contemplacione
544 2879 572 2912 C
