2095 3173
439 246 489 284 52

474 2898 554 2927 1071
582 2898 781 2930 repugnans
798 2889 890 2920 CED
936 2899 1158 2929 repungnans
1176 2888 1354 2920 SHGTH2

909 229 1038 272 VOX
1079 229 1440 272 CLAMANTIS

545 338 717 376 Alterius
747 337 876 387 capite
905 348 1003 376 sano
1033 337 1105 374 fert
1135 336 1296 374 vulnera
1324 336 1483 383 collum,

547 403 671 443 Cuius
702 409 784 441 erat
814 402 949 440 medio
978 401 1112 451 passio
1141 401 1243 438 facta
1272 400 1382 439 foro:

545 467 664 506 Miles
693 468 880 517 precipue
908 478 997 505 reus
1027 472 1086 505 est
1108 467 1146 503 in
1177 466 1368 515 sanguine
1397 466 1567 512 Thome,

545 533 719 572 Simonis
748 533 874 581 inque
903 544 1043 571 necem
1073 532 1241 570 rusticus
1270 543 1378 569 arma
1407 530 1542 570 dedit:

546 598 766 636 Ecclesiam
796 597 916 636 Cristi
944 609 1125 647 proceres
1155 597 1222 647 qui
1252 609 1334 635 non
1363 597 1589 642 timuerunt,

543 663 713 701 Martirii
743 662 901 701 Thome
930 675 1049 701 causa
1077 663 1186 701 fuere
1215 662 1322 700 necis
1338 676 1348 710 5

546 728 709 766 Iusticie
736 728 846 778 regni
876 728 1017 766 seruile
1045 740 1251 778 genusque
1280 739 1504 777 repugnans

544 793 718 832 Simonis
747 800 967 832 extremum
996 800 1132 831 causat
1162 793 1201 830 in
1231 792 1327 832 vrbe
1355 793 1485 831 diem:

545 857 704 898 Corruit
734 859 774 896 in
803 858 954 908 gremio
984 859 1118 896 matris
1147 858 1336 905 Thomas,
1370 858 1584 908 medioque

545 924 741 962 Natorum
770 923 885 962 turba
914 923 1052 962 Simon
1082 923 1123 961 in
1152 935 1248 962 ense
1276 923 1404 961 cadit:

542 989 744 1028 Thomam
773 1001 839 1027 rex
869 989 998 1038 potuit
1027 989 1213 1035 saluasse,
1245 996 1304 1026 set
1333 989 1399 1026 illa
1428 994 1602 1038 potestas

544 1055 716 1093 Simonis
746 1054 798 1093 ad
826 1053 948 1092 vitam
978 1054 1082 1104 regia
1108 1066 1226 1103 posse
1255 1060 1384 1093 caret:

542 1120 636 1157 Vlta
665 1119 736 1157 fuit
765 1119 924 1158 Thome
951 1131 1073 1167 mors,
1101 1126 1140 1158 et
1169 1131 1277 1157 nunc
1305 1119 1408 1157 vlcio
1436 1119 1573 1157 mortis

543 1185 716 1224 Simonis
745 1192 838 1223 ante
867 1185 969 1223 fores
999 1185 1200 1223 cotidiana
1228 1191 1376 1234 grauat.

599 1252 761 1289 Fecerat
790 1251 949 1300 exiguas
979 1251 1057 1288 iarn
1087 1251 1146 1289 sol
1174 1250 1388 1288 altissimus
1417 1249 1586 1297 vmbras,

545 1317 689 1366 Fitque
719 1316 784 1354 die
815 1316 948 1354 media
978 1316 1169 1365 sanguine
1198 1316 1345 1354 tinctus
1376 1315 1535 1365 Ephot:

544 1382 728 1421 Candida
759 1382 814 1419 sic
843 1382 1004 1431 paciens
1034 1382 1181 1419 collum
1211 1393 1398 1430 percussa
1427 1381 1553 1419 securi

541 1447 715 1485 Victima
745 1459 943 1497 purpureo
973 1447 1165 1497 sanguine
1193 1447 1322 1497 pulsat
1353 1446 1532 1484 humum.

542 1513 623 1561 Qui
653 1521 763 1562 pater
792 1519 851 1551 est
880 1513 1023 1560 anime,
1055 1512 1238 1551 viduatur
1267 1512 1441 1561 corporis
1472 1523 1620 1561 expers,

541 1577 680 1616 Pastor
708 1586 746 1616 et
775 1591 798 1616 a
827 1578 982 1627 pecude
1011 1590 1125 1616 cesus
1154 1577 1344 1615 abhorret·
1360 1589 1498 1627 agros:

543 1642 624 1690 (Qui
655 1650 788 1681 custos
816 1643 949 1681 anhne
978 1643 1113 1689 fuera&
1145 1643 1313 1680 custode
1341 1642 1512 1688 careban

543 1706 749 1758 }1uncque
778 1715 921 1747 necant
951 1708 1043 1756 nati
1075 1720 1176 1757 quos
1206 1708 1414 1757 coHtipse
1443 1714 1564 1758 pater

544 1773 625 1822 Qui
655 1773 780 1812 fuerat
808 1774 975 1812 crucifer
1004 1785 1083 1823 que
1111 1781 1267 1823 patrum
1300 1774 1449 1811 Primas
1480 1774 1520 1811 in
1550 1774 1714 1821 honore,

541 1838 624 1876 Hic
655 1839 777 1889 magis
807 1838 985 1877 abiectus
1016 1845 1054 1877 et
1083 1839 1277 1876 cruciatus
1309 1845 1413 1877 erat:

541 1905 623 1954 Qui
652 1905 777 1942 fuerat
807 1904 948 1942 doctor
976 1904 1122 1953 legum,
1154 1904 1239 1942 sine
1268 1904 1353 1953 lege
1382 1903 1549 1953 peribat,

541 1971 667 2010 Cesus
697 1977 735 2008 et
765 1970 942 2008 atteritur
971 1976 1103 2019 pastor
1132 1968 1182 2007 ab
1212 1981 1280 2007 ore
1308 1970 1445 2019 gregis.

539 2037 647 2073 Ante
676 2034 784 2073 diem
812 2035 977 2072 moritur
1005 2035 1090 2072 sine
1120 2034 1245 2083 culpis
1276 2040 1314 2073 et
1344 2034 1429 2073 sine
1459 2046 1588 2082 causa,

541 2100 635 2148 Quo
664 2106 745 2137 tam
776 2106 915 2137 natura
944 2112 1065 2148 quam
1096 2100 1206 2137 Deus
1236 2099 1357 2137 ambo
1386 2100 1549 2139 dolent:

540 2165 597 2202 Sit
626 2165 716 2202 licet
745 2176 792 2202 ex
822 2164 918 2202 falsa
948 2176 1152 2202 seruorum
1181 2164 1267 2213 lege
1296 2164 1498 2212 subactus,

539 2228 658 2268 Liber
686 2235 896 2279 perpetuas
925 2228 1102 2266 ambulat
1132 2228 1217 2277 ipse
1246 2229 1338 2267 vias.

538 2294 747 2333 Fortitudo
776 2293 940 2343 quidem
969 2294 1102 2340 virtus,
1133 2293 1224 2332 licet
1254 2294 1444 2332 exteriora

540 2359 728 2406 Perdidit,
760 2359 926 2396 affirmat
956 2359 1140 2396 interiora
1170 2359 1247 2396 deo
1263 2373 1272 2406 3

539 2424 851 2473 Temperiesque
880 2422 966 2470 sibi,
998 2423 1189 2473 quicquid
1218 2424 1323 2462 furor
1352 2423 1473 2473 egerit
1503 2431 1619 2470 extra,

539 2489 710 2527 Interius
740 2489 885 2538 patitur
913 2488 1167 2538 simplicitate
1196 2500 1278 2526 sua.

539 2555 708 2593 Tollitur
737 2566 759 2592 a
787 2554 941 2592 mundo
970 2553 1151 2604 quamuis
1182 2554 1391 2603 sapiencia,
1423 2554 1544 2592 virtus

537 2619 728 2657 Prouidet
757 2619 797 2656 in
828 2619 915 2657 celo
944 2631 1037 2657 cum
1066 2619 1243 2668 sapiente
1272 2619 1429 2657 locum:

538 2683 692 2723 Obruta
721 2684 875 2722 iusticia
904 2684 1087 2734 quamuis
1117 2683 1307 2731 videatur,
1339 2684 1390 2722 ad
1419 2691 1521 2721 astra

537 2748 587 2787 Se
617 2749 724 2786 leuat
754 2756 792 2786 et
821 2761 1022 2786 summum
1051 2755 1258 2798 permanet
1286 2755 1379 2787 ante
1408 2748 1541 2787 deum.

535 2813 682 2851 Viuere
711 2813 889 2851 fecerunt
919 2826 1039 2863 quem
1069 2813 1303 2852 mortificare
1333 2820 1531 2864 putarunt,

1825 673 1910 709 1070

1825 1322 1908 1353 1080

1822 1984 1907 2017 1090

1817 2634 1904 2658 1100

1469 2899 1551 2929 1077
1570 2889 1704 2931 margin
1723 2889 1812 2920 Nota
1831 2889 1857 2920 C
