2121 3173
409 1175 447 1196 10

461 238 540 289 360
811 233 966 283 QUIA
1005 229 1462 280 VNUSQUISQUE
1503 242 1594 269 ETc.

559 631 628 665 uia
653 629 949 673 vnusquisque,
975 629 1098 671 prout
1124 637 1150 661 a
1176 627 1252 663 deo
1279 627 1455 671 accepit,
1473 627 1569 662 aliis
1597 627 1806 672 impartiri
1829 628 1936 662 tene-

559 691 637 730 tur,
654 688 871 722 Iohannes
899 687 1051 721 Gower
1078 696 1206 729 super
1232 685 1314 720 hiis
1341 696 1419 729 que
1447 685 1547 720 deus
1577 685 1658 720 sibi
1684 686 1937 720 sensualiter

463 748 639 782 donauit
661 746 947 781 villicacionis
973 755 1045 779 sue
1071 744 1286 779 racionem
1310 744 1535 779 secundum
1561 744 1716 788 aliquid
1740 744 1937 779 alleuiare

463 806 645 849 cupiens,
658 808 745 840 tres
759 804 951 849 precipue
963 803 1095 838 libros
1107 813 1181 847 per
1195 802 1343 846 ipsum,
1356 803 1451 836 dum
1463 803 1586 842 vixit,
1599 803 1790 837 doctrine
1808 812 1938 838 causa

463 864 720 908 compositos
739 863 792 897 ad
810 863 987 897 aliorum
1004 861 1209 896 noticiam
1227 861 1270 895 in
1288 861 1421 896 lucem
1439 861 1596 896 seriose
1613 861 1820 906 produxit.

509 938 671 972 Primus
687 938 793 972 liber
807 937 968 971 Gallico
988 945 1179 971 sermone
1198 935 1335 970 editus
1353 934 1397 969 in
1415 934 1556 969 decem
1570 935 1770 969 diuiditur
1783 937 1939 979 partes,

464 999 506 1031 et
533 999 728 1031 tractans
755 996 805 1031 de
834 996 959 1030 viciis
983 997 1026 1030 et
1051 995 1291 1036 virtutibus,
1317 1003 1483 1029 necnon
1509 995 1552 1028 et
1576 995 1628 1028 de
1653 994 1789 1029 variis
1816 994 1939 1029 huius

464 1055 593 1089 seculi
609 1055 819 1098 gradibus,
833 1055 948 1088 viam
965 1064 1047 1098 qua
1061 1056 1258 1098 peccator
1272 1054 1569 1095 transgressus
1587 1052 1640 1086 ad
1654 1053 1720 1087 sui
1735 1053 1940 1087 creatoris

465 1114 730 1157 agnicionem
744 1113 876 1148 redire
894 1113 1026 1153 debet,
1040 1113 1157 1146 recto
1172 1112 1343 1146 tramite
1357 1110 1504 1145 docere
1522 1112 1713 1145 conatur.
1762 1110 1940 1146 Titulus·

466 1183 542 1216 que
560 1172 687 1206 libelli
705 1172 830 1207 istius
848 1171 1067 1215 Speculum
1085 1169 1334 1205 Meditantis
1350 1171 1615 1214 nuncupatus
1634 1170 1711 1204 est.

513 1246 727 1282 Secundus
766 1247 876 1281 enim
914 1246 1019 1280 liber
1060 1255 1253 1280 sermone
1291 1244 1443 1278 Latino
1480 1245 1651 1279 metrice
1687 1244 1941 1288 compositus

465 1307 627 1340 tractat
654 1305 702 1340 de
727 1305 863 1339 variis
889 1303 1131 1339 infortuniis
1157 1304 1343 1347 tempore
1367 1302 1479 1346 regis
1505 1302 1677 1337 Ricardi
1703 1303 1873 1337 secundi
1898 1303 1941 1336 in

466 1364 623 1407 Anglia
643 1363 1008 1406 contingentibus:
1027 1362 1139 1396 vnde
1158 1371 1243 1396 non
1262 1361 1397 1395 solum
1416 1360 1537 1404 regni
1555 1370 1751 1404 proceres
1774 1362 1815 1395 et
1838 1369 1943 1394 com-

466 1432 614 1456 munes
637 1423 850 1455 tormenta
873 1420 991 1464 passi
1015 1421 1127 1460 sunt,
1146 1421 1212 1454 set
1237 1421 1279 1454 et
1302 1418 1394 1463 ipse
1420 1418 1731 1453 crudelissimus
1749 1427 1835 1460 rex,
1854 1418 1942 1452 suis

469 1490 521 1515 ex
547 1480 756 1514 demeritis
782 1479 835 1513 ab
862 1479 950 1513 alto
977 1487 1189 1519 corruens,
1211 1477 1255 1510 in
1274 1477 1442 1511 foueam
1473 1486 1596 1519 quam
1627 1476 1726 1511 fecit
1758 1476 1943 1510 finaliter

470 1538 680 1581 proiectus
723 1539 799 1572 est.
857 1536 1099 1579 Nomenque
1139 1534 1367 1570 voluminis
1408 1535 1530 1568 huius
1571 1534 1666 1568 Vox
1708 1534 1943 1569 clamantis

470 1596 722 1630 intitulatur.

517 1671 688 1706 Tercius
713 1680 817 1705 vero
842 1670 960 1710 liber,
986 1668 1054 1712 qui
1085 1669 1138 1703 ob
1167 1667 1450 1703 reuerenciam
1481 1668 1760 1702 strenuissimi
1789 1668 1944 1702 domini

471 1730 535 1765 sui
552 1729 709 1764 domini
726 1728 897 1763 Henrici
912 1729 961 1762 de
974 1727 1239 1767 Lancastria,
1254 1729 1355 1760 tunc
1373 1726 1544 1760 Derbeie
1563 1725 1749 1768 Comitis,
1764 1726 1944 1770 Anglico

415 1796 429 1816 2
472 1798 667 1822 sermone
686 1787 915 1825 conficitur,
934 1785 1160 1820 secundum
1182 1785 1368 1819 Danielis
1393 1783 1660 1828 propheciam
1685 1794 1806 1828 super
1822 1784 1945 1819 huius

470 1846 610 1880 mundi
640 1856 863 1890 regnorum
893 1845 1132 1880 mutacione
1166 1854 1192 1878 a
1223 1845 1410 1888 tempore
1439 1843 1552 1886 regis
1581 1842 1946 1886 Nabugodonosor

471 1915 604 1948 vsque
645 1914 755 1938 nunc
796 1906 989 1947 tempora
1029 1902 1260 1946 distinguit.
1321 1901 1499 1936 Tractat
1541 1902 1674 1936 eciam
1720 1901 1946 1936 secundum

471 1962 736 1997 Aristotilem
755 1971 879 2005 super
896 1961 978 1995 hiis
997 1961 1145 2005 quibus
1163 1971 1238 1995 rex
1255 1960 1499 1995 Alexander
1516 1960 1661 1995 tamin
1680 1960 1744 1994 sui
1762 1959 1946 2003 regimen

473 2031 596 2064 quam
632 2013 756 2054 aliter
789 2020 878 2054 eius
910 2020 1135 2063 disciplina
1169 2019 1342 2054 edoctus
1375 2018 1462 2053 fuit.
1523 2018 1772 2062 Principalis
1805 2020 1946 2052 tamen

472 2079 595 2113 huius
629 2078 767 2122 operis
795 2078 976 2113 materia
1006 2088 1129 2122 super
1159 2087 1344 2112 amorem
1376 2079 1418 2112 et
1447 2077 1687 2112 infatuatas
1717 2077 1945 2110 Amantum

472 2138 695 2181 passiones
724 2137 1039 2171 fundamentum
1067 2137 1218 2172 habet:
1253 2146 1484 2179 nomenque
1516 2136 1597 2170 sibi
1629 2135 1947 2180 appropriatum

474 2196 694 2230 Confessio
720 2195 918 2230 Amantis
943 2195 1183 2239 specialiter
1209 2195 1385 2229 sortitus
1411 2196 1490 2229 est.

521 2303 529 2316 ‘
542 2300 630 2339 Quia
646 2299 880 2339 vnusquisque
892 2297 899 2311 ’
916 2301 978 2331 &c.
1030 2298 1111 2330 Text
1124 2298 1208 2338 ofS,
1227 2297 1364 2329 collated
1376 2297 1451 2329 with
1468 2296 1606 2329 CHGF.
1653 2296 1713 2328 See
1729 2297 1799 2328 also
1816 2297 1882 2328 vol.
1899 2298 1944 2329 iii.

476 2363 508 2392 p·
528 2362 593 2391 479
606 2351 625 2382 s-

521 2415 540 2443 3
566 2404 739 2435 racionem
767 2402 860 2434 SCH
918 2402 1100 2442 racionem,
1128 2402 1208 2433 dum
1235 2406 1373 2441 tempus
1399 2401 1512 2441 instat,
1544 2400 1604 2432 GF
1737 2411 1756 2439 4
1774 2400 1807 2432 ff.
1834 2406 1948 2432 tres—

477 2455 653 2496 produxit]
673 2456 763 2487 inter
779 2455 915 2486 labores
931 2459 966 2486 et
982 2455 1056 2486 ocia
1073 2455 1114 2485 ad
1132 2453 1272 2485 aliorum
1291 2453 1450 2484 noticiam
1469 2458 1540 2484 tres
1557 2452 1659 2483 libros
1677 2453 1830 2484 doctrine
1846 2463 1947 2484 causa

479 2507 584 2537 forma
609 2507 832 2547 subsequenti
859 2511 1041 2548 propterea
1064 2505 1254 2546 composuit
1277 2504 1337 2536 GF
1472 2505 1511 2535 18
1535 2504 1632 2547 vero]
1660 2504 1724 2536 iste
1748 2504 1774 2536 F
