2095 3173
477 254 526 292 70

942 236 1072 278 VOX
1114 232 1476 276 CLAMANTIS

584 349 741 396 Proque
770 344 895 383 salute
925 355 994 381 sua
1025 341 1189 379 numina
1217 341 1387 390 quisque
1416 346 1541 377 vocat.

582 414 733 450 Rector
762 415 905 447 cuncta
935 407 1014 445 deo
1043 405 1332 443 commendans
1361 404 1453 442 talia
1482 403 1590 449 dixit,

588 476 778 516 ‘Celestis
808 473 976 511 celerem
1007 471 1075 509 det
1105 470 1225 508 michi
1256 476 1384 507 rector
1412 469 1556 518 opem!

588 543 706 580 Rima
736 546 854 589 patet,
887 549 965 588 que
993 537 1097 574 viam
1127 535 1265 585 prebet
1294 534 1476 573 letalibus
1505 534 1632 580 vndis‚

588 609 674 645 Nec
705 612 780 644 stat
809 604 877 654 qui
907 603 1045 642 mortis
1073 614 1154 640 non
1184 607 1382 650 reputaret
1412 601 1495 638 iter.

589 673 685 710 Visa
714 670 835 708 michi
865 669 967 708 Cilla
997 668 1068 706 fuit
1098 674 1136 706 et
1165 673 1262 704 tunc
1289 667 1372 704 visa
1401 665 1597 713 Caribdis,

592 739 771 776 Deuoret
801 741 841 773 vt
871 745 1016 772 nauem
1046 732 1166 782 spirat
1194 739 1404 781 Vtrumque
1433 731 1548 769 latus.

645 803 682 842 O
713 813 833 851 quam
863 807 959 837 tunc
989 798 1126 836 similis
1156 797 1249 834 huic
1279 797 1371 834 naui
1402 796 1703 835 Londoniarum

592 867 729 906 Turris
759 872 852 911 erat,
884 863 994 913 quod
1023 875 1111 901 eam
1141 873 1235 899 seua
1263 861 1435 910 procella
1465 860 1619 910 quatit-3

593 932 729 970 Turris
759 943 880 981 egens
909 928 1043 976 muris,
1075 927 1141 965 vbi
1171 926 1338 975 sumpsit
1367 932 1476 975 petra
1505 926 1631 975 papiri

596 999 794 1042 Formam,
826 1007 947 1045 quam
976 999 1188 1043 penetrans
1218 991 1378 1029 sordida
1407 1003 1544 1028 musca
1573 990 1688 1038 terit;

595 1061 742 1109 Turris,
774 1060 839 1098 vbi
870 1065 982 1109 porta
1012 1057 1087 1096 sibi
1117 1069 1221 1095 seras
1251 1057 1350 1094 ferre
1378 1062 1543 1103 recusat,

598 1128 691 1176 Quo
720 1126 865 1176 patitur
892 1125 1089 1163 thalamus
1118 1121 1373 1172 ingredientis
1403 1133 1504 1159 onus
1518 1135 1530 1169 3

597 1193 743 1239 Turris,
774 1190 841 1229 vbi
871 1190 1004 1240 patula
1033 1189 1141 1227 furiis
1170 1189 1232 1226 via
1261 1194 1390 1234 restat,
1422 1194 1460 1225 et
1489 1186 1620 1225 omnis

600 1258 788 1296 Rusticus
817 1255 1044 1305 ingrediens
1073 1267 1136 1292 res
1164 1253 1263 1303 rapit
1292 1260 1413 1302 atque
1441 1253 1529 1290 loca
1543 1266 1554 1300 3

599 1322 746 1368 Turris,
777 1320 843 1358 vbi
873 1320 973 1358 vires
1003 1318 1269 1357 succumbunt
1299 1318 1505 1364 debilitati,

601 1387 748 1434 Turris,
779 1385 846 1424 vbi
874 1385 995 1423 virtus
1025 1397 1106 1422 non
1136 1385 1244 1421 iuuat
1272 1384 1349 1420 vlla
1377 1383 1509 1431 viros;

602 1453 738 1491 Turris
767 1452 808 1489 in
837 1450 1026 1488 auxilium
1055 1449 1220 1498 spirans,
1250 1448 1418 1487 custode
1446 1455 1611 1494 remoto,

605 1519 657 1556 Et
687 1518 774 1556 sine
802 1515 969 1554 consilio
999 1515 1081 1552 sola
1111 1515 1244 1552 relicta
1273 1514 1372 1561 sibi3

603 1582 740 1621 Turris
770 1582 810 1618 in
839 1579 1099 1629 obprobrium
1128 1579 1319 1628 patricida
1349 1591 1427 1628 que
1455 1578 1646 1628 sanguine
1675 1578 1776 1624 feda,

605 1647 730 1687 Cuius
760 1646 984 1684 ineternum
1015 1644 1118 1682 fama
1147 1656 1320 1682 remorsa
1350 1644 1478 1692 volat;

606 1711 754 1757 Turris,
784 1709 851 1748 vbi
881 1716 995 1759 rupta
1025 1709 1215 1758 spelunca
1244 1709 1316 1747 fuit
1346 1709 1533 1758 leopardi,

609 1779 783 1827 Ipseque
811 1776 1040 1824 compulsus
1068 1782 1109 1812 vt
1138 1775 1226 1824 pius
1253 1787 1378 1824 agnus
1406 1774 1489 1811 abit
1503 1788 1514 1821 3

607 1843 755 1889 Turris,
785 1841 852 1879 vbi
882 1841 1020 1890 pressit
1049 1840 1086 1878 vi
1116 1841 1247 1889 tegula
1276 1841 1366 1878 seda
1395 1852 1596 1886 coronam,

610 1911 705 1958 Quo
733 1908 876 1946 cecidit
906 1907 1028 1956 fragili
1059 1906 1133 1944 sub
1162 1906 1265 1955 pede
1294 1906 1394 1944 forte
1422 1914 1540 1954 caput
1556 1920 1567 1953 3

609 1974 757 2021 Turris,
789 1985 871 2011 non
901 1972 1025 2010 thuris
1054 1972 1221 2010 olefacta
1250 1972 1375 2009 salute
1404 1979 1462 2009 set
1491 1984 1592 2021 egra,

612 2042 771 2089 Lugens
800 2051 882 2076 non
912 2037 1065 2084 ludens,
1097 2037 1204 2075 tedia
1233 2049 1392 2086 queque
1421 2037 1574 2085 ferens3

611 2104 747 2142 Turris
776 2103 904 2142 diuisa
931 2102 1074 2151 linguis
1105 2101 1309 2139 Babilonis
1338 2102 1389 2139 ad
1419 2102 1550 2147 instar,

612 2170 758 2216 Turris,
791 2176 831 2207 vt
861 2175 920 2207 est
949 2169 1063 2206 nauis
1092 2169 1255 2206 Tharsis
1285 2168 1325 2205 in
1356 2180 1423 2206 ore
1452 2169 1580 2206 maris.

615 2236 679 2274 Sic
708 2234 854 2284 patitur
882 2245 1016 2282 pressa
1045 2233 1133 2270 vicii
1163 2231 1238 2270 sub
1266 2233 1417 2282 gurgite
1446 2233 1572 2279 turris,

615 2300 761 2339 Nescia
789 2311 868 2348 qua
896 2311 1052 2336 morum
1081 2304 1191 2347 parte
1220 2310 1366 2347 parare
1395 2298 1510 2336 viam.

617 2365 799 2414 Quisque
828 2363 946 2410 dolet,
979 2370 1037 2402 set
1067 2375 1148 2401 non
1177 2370 1217 2400 vt
1246 2375 1330 2412 ego,
1362 2363 1458 2401 dum
1488 2363 1576 2401 talis
1604 2376 1782 2402 amarum

617 2433 776 2482 Spectat
805 2430 856 2468 ad
884 2430 1084 2468 interitum
1115 2429 1300 2479 naufraga
1330 2429 1431 2468 Cilla
1460 2442 1605 2467 meum.

619 2498 712 2535 Hec
740 2496 793 2534 ita
822 2494 1064 2544 sompnifero
1092 2494 1257 2544 vigilans
1286 2494 1398 2543 quasi
1428 2494 1577 2532 lumine
1607 2495 1717 2544 signa

618 2563 725 2609 Vidi,
757 2574 838 2611 quo
867 2561 980 2599 timui
1010 2560 1183 2610 dampna
1212 2559 1342 2597 futura
1370 2559 1438 2597 rei.

677 2627 875 2665 Nimirum
904 2625 1014 2675 quod
1043 2637 1127 2675 ego,
1159 2625 1255 2663 dum
1285 2624 1376 2662 talia
1405 2625 1503 2662 ferre
1532 2623 1733 2674 putabam,

622 2692 798 2731 Territus
828 2691 869 2728 in
898 2691 1076 2740 sompnis
1105 2696 1144 2728 et
1171 2690 1396 2727 timefactus
1426 2702 1555 2729 eram:

624 2759 780 2795 Ductus
809 2756 849 2794 in
878 2755 1074 2805 ambiguis
1102 2754 1182 2793 dixi
1212 2766 1330 2804 quam
1361 2766 1455 2803 sepe
1483 2755 1650 2804 periclis,

625 2822 748 2871 Quod
777 2821 898 2859 michi
928 2833 1030 2859 naue
1059 2832 1148 2858 mea
1176 2820 1304 2857 tucius
1334 2831 1459 2869 equor
1487 2827 1579 2858 erat.

626 2889 689 2926 Sic
719 2900 792 2937 ego
821 2899 1037 2925 concussus
1065 2886 1192 2924 Euros
1222 2885 1492 2935 Zephirosque
1521 2884 1723 2933 timebam,

1872 612 1954 646 1740

1890 1911 1974 1953 1760

1895 2572 1980 2608 1770
