2095 3173
658 219 847 260 LIBER
891 219 1129 260 PRIMUS

267 325 337 363 Hii
369 337 499 376 neque
529 331 673 364 venatu
703 325 937 375 spaciantur,
969 331 1029 364 set
1058 337 1189 376 neque
1218 326 1392 376 gaudent
1410 313 1425 321 ψ

267 392 329 429 De
358 404 493 439 cornu,
526 404 598 430 nec
628 392 683 430 eis
712 392 810 441 quid
838 392 913 430 nisi
942 392 1017 430 vile
1046 398 1203 431 manet:

266 457 360 494 Non
391 469 531 495 nemus
560 463 600 495 vt
629 457 803 506 leporem
834 457 990 506 capiant
1020 462 1282 497 transcurrere
1311 465 1493 507 querunt,

266 522 353 560 Nee
382 534 520 560 ceruos
549 523 697 572 agitant
726 522 777 560 de
806 522 966 560 leuitate
995 535 1090 571 sua3

266 586 332 624 Set
362 587 485 636 magis
514 587 565 625 ad
595 587 694 625 talos
724 594 826 625 retro
857 587 994 625 latrare
1023 588 1194 626 virorum

266 652 479 698 Affectant,
511 658 549 690 et
579 652 635 690 eis
665 652 771 690 tedia
801 653 924 690 multa
953 653 1093 691 ferunt.

321 716 441 755 Cutte
470 728 548 766 que
578 716 702 755 Curre
732 716 848 754 simul
878 717 1002 766 rapidi
1032 729 1101 767 per
1130 718 1247 756 deuia
1276 725 1447 766 currunt,

269 780 511 830 Linquentes
541 781 702 819 miseras
732 781 1013 831 degenerando
1041 795 1174 821 casas:

267 846 330 884 En
363 847 528 896 pastoris
557 847 670 885 adest
699 847 820 894 canis,
851 853 890 885 et
920 848 987 897 qui
1018 855 1135 887 nocte
1164 849 1345 888 latrando

266 912 376 950 Atria
404 920 623 959 conseruat,
656 913 709 950 hii
739 913 820 951 duo
850 925 944 962 sepe
971 920 1159 963 granant:

268 977 411 1016 Omnis
439 978 603 1027 pistrine
630 979 834 1028 proprium
864 979 1087 1028 pariterque
1117 980 1290 1029 coquine

269 1044 404 1093 Rupta
433 1044 602 1082 cathena
631 1056 746 1082 suum
776 1044 878 1082 laxat
906 1042 1015 1082 abire
1044 1057 1207 1082 canem:

271 1107 516 1148 Carnificum
545 1109 713 1159 grandes
741 1109 902 1158 vidique
930 1109 1063 1148 venire
1092 1109 1280 1157 molosos,

270 1175 403 1225 Atque
433 1175 653 1213 molendini
683 1187 756 1212 nec
786 1181 919 1213 manet
948 1175 1032 1223 ipse
1062 1175 1171 1212 dorni
1188 1188 1197 1222 ;

270 1240 357 1278 Nee
386 1239 585 1278 stabulum
614 1246 765 1277 veteres
794 1246 947 1288 poterat
976 1240 1145 1278 retinere
1174 1240 1371 1287 latrantes,

272 1305 381 1354 Quin
411 1304 575 1343 veniunt
604 1304 720 1342 sociis
750 1310 789 1342 et
819 1304 1018 1342 sociantur
1047 1305 1113 1342 eis.

270 1371 342 1408 Est
371 1368 425 1408 ibi
455 1370 703 1417 monoculus,
735 1376 794 1407 set
823 1376 862 1407 et
891 1369 956 1407 ille
985 1369 1104 1419 tripes
1133 1369 1246 1419 quasi
1275 1369 1407 1408 furtim

271 1435 481 1475 Claudicat
509 1447 532 1473 a
560 1441 674 1482 retro,
707 1435 819 1473 latrat
849 1440 888 1473 et
917 1435 1001 1485 ipse
1029 1447 1190 1474 comes:

270 1501 382 1539 Voce
411 1513 483 1538 sua
511 1512 628 1538 rauca
657 1507 752 1538 tunc
781 1501 867 1538 rinx
894 1501 1089 1550 ringendo
1119 1501 1341 1550 fimumque

270 1566 439 1612 Deserit,
471 1572 592 1616 atque
620 1566 708 1604 loca
738 1566 857 1615 spirat
886 1566 1033 1604 habere
1062 1578 1180 1605 noua.

272 1631 343 1669 Hii
373 1637 465 1669 sunt
494 1643 595 1681 quos
624 1632 742 1670 dorsa
771 1632 902 1670 nullus
931 1632 1092 1681 planare
1120 1630 1281 1679 valebit,

270 1697 450 1746 Tangere
479 1708 554 1735 nec
582 1697 740 1744 caudas,
772 1709 846 1735 nec
875 1697 1043 1735 retinere
1071 1703 1215 1747 caput,

271 1761 365 1799 Irati
394 1774 550 1811 semper
579 1762 785 1800 denudant
814 1775 907 1800 nam
936 1761 1007 1800 tibi
1038 1762 1188 1808 dentes,

271 1827 357 1865 Nec
387 1839 457 1865 sua
486 1827 679 1865 rusticitas
709 1827 901 1876 quicquid
929 1827 1073 1865 amoris
1103 1826 1236 1865 habet.

324 1891 477 1930 Omnes
505 1892 752 1930 conueniunt
782 1893 946 1930 iuuenes
977 1904 1055 1941 que
1084 1904 1211 1939 senes,
1244 1898 1282 1929 et
1312 1892 1351 1929 in
1382 1903 1504 1930 vnum

271 1956 537 2003 Concurrunt,
569 1969 648 2006 que
677 1969 747 1994 sua
776 1956 972 1995 morsibus
1002 1969 1070 1995 ora
1099 1963 1259 2006 parant:

271 2022 423 2060 Erectis
452 2022 588 2060 caudis
616 2022 847 2071 gradiuntur
877 2034 984 2060 more
1013 2021 1195 2071 superbo,

274 2087 346 2125 Est
376 2087 497 2125 nichil
526 2087 600 2125 hiis
631 2100 771 2125 sanum
801 2088 911 2137 quod
941 2088 1111 2126 lacerare
1140 2093 1303 2137 queunt.

272 2153 412 2202 Aprini
441 2153 580 2191 dentes
611 2152 834 2191 deformant
863 2165 930 2191 ora
959 2152 1112 2199 canina,

273 2219 344 2256 Est
373 2230 542 2268 quorum
571 2231 725 2257 morsus
755 2218 915 2267 pestifer
942 2224 1062 2267 atque
1090 2218 1242 2268 grauis:

272 2284 435 2332 Quanto
464 2284 552 2333 plus
581 2296 690 2322 escas
720 2290 883 2321 sumunt
912 2284 1043 2321 minus
1072 2283 1126 2320 hii
1156 2288 1389 2330 saturantur,

275 2350 472 2387 Insaciata
500 2350 624 2388 fames
653 2362 809 2398 semper
837 2349 990 2387 inheret
1020 2349 1088 2387 eis.

274 2414 345 2452 Hii
375 2414 519 2464 quibus
549 2415 588 2452 in
619 2421 737 2452 nocte
766 2414 882 2457 solito
912 2414 1027 2452 fimus
1057 2413 1183 2452 extitit
1211 2413 1368 2462 hospes,

276 2478 467 2517 Mollibus
497 2480 537 2517 in
567 2480 677 2518 lectis
704 2479 864 2518 sordida
893 2479 1071 2517 membra
1100 2479 1248 2516 fouent.

275 2544 403 2594 Copia
431 2550 539 2582 tanta
568 2544 651 2592 fuit,
683 2544 792 2594 quod
822 2556 959 2582 eorum
990 2544 1120 2581 nullus
1149 2541 1322 2580 habebat

274 2611 519 2659 Respectum
547 2610 691 2659 proprii
721 2609 1101 2659 quomodocumque
1129 2614 1263 2645 status.

276 2674 313 2714 O
342 2681 437 2712 tunc
466 2674 498 2712 si
527 2675 614 2724 quis
644 2687 712 2713 eos
740 2674 926 2721 audisset,
958 2673 1162 2723 quomodo
1191 2671 1364 2710 mundus

276 2739 455 2778 Vocibus
484 2740 675 2778 attonitus
704 2740 768 2777 hic
798 2747 836 2778 et
864 2739 1013 2788 vbique
1041 2738 1182 2784 fremit,

277 2805 421 2843 Dicere
448 2810 544 2843 tunc
572 2812 706 2854 posset
735 2805 881 2842 similes
910 2803 1019 2854 quod
1048 2803 1103 2841 eis
1132 2802 1299 2840 vlulatus

734 2882 800 2920 396
824 2879 1027 2919 Linquendo
1044 2879 1068 2910 S

226 2935 320 2956 *Η*
896 2944 923 2969 D

1572 236 1626 275 33

1560 409 1626 441 390

1564 1060 1629 1091 400

1564 1712 1631 1744 410

1566 2363 1632 2395 420
