2095 3173
542 256 623 309 258

1014 254 1145 296 VOX
1186 254 1546 296 CLAMANTIS

649 362 846 413 Vaginam
877 361 1012 399 siccus
1042 373 1180 399 mucro
1209 361 1343 399 subire
1371 368 1514 411 negat:

651 428 713 466 Fit
742 434 848 465 satur
876 426 1029 464 hostilis
1059 426 1192 464 hostili
1222 426 1414 475 sanguine
1443 438 1593 474 mucro,

649 495 863 531 Armorum
892 492 1018 541 pascit
1047 492 1249 542 sanguinis
1279 492 1384 529 vnda
1415 492 1517 530 sitim

651 559 760 596 Intra
788 557 970 607 vaginam
999 570 1138 596 mucro
1166 564 1321 607 torpere
1350 565 1516 603 recusat,

649 623 862 661 Euomitur
889 623 1042 673 gladius
1073 623 1156 661 eius
1187 623 1237 661 ab
1267 635 1334 661 ore
1364 624 1477 662 foras.
1951 638 2017 673 950

648 689 758 727 Sicut
787 701 882 739 aper
910 690 1083 740 querulis
1113 690 1220 727 siluis
1250 689 1454 728 latratibus
1484 697 1595 728 actus

649 755 822 793 Letifero
852 756 999 794 celeres
1028 757 1197 794 conterit
1226 768 1294 794 ore
1323 768 1453 804 canes,

648 820 713 858 Sic
742 822 866 871 magis
895 821 1067 860 audaces
1095 834 1220 871 prope
1247 833 1290 859 se
1320 834 1421 871 quos
1449 821 1576 871 attigit
1605 821 1749 868 hostes,

647 886 859 925 Fulmineo
888 886 1007 936 gladii
1038 887 1146 924 triuit
1175 887 1215 924 in
1245 898 1313 925 ore
1343 886 1413 925 sui.

647 952 810 1003 Singula
838 953 1064 1002 perdomuit
1094 953 1174 991 fera
1202 952 1324 1002 prelia
1353 965 1463 991 more
1491 952 1617 991 leonis
1632 967 1642 1000 ;

648 1018 910 1068 Depopulans
941 1019 1110 1068 populos
1140 1018 1261 1056 forcia
1285 1024 1411 1056 castra
1440 1018 1541 1056 ruit:

647 1084 701 1121 Vt
730 1084 871 1134 predas
901 1091 1062 1134 raperet,
1094 1084 1223 1122 audax
1252 1084 1460 1122 descendit
1489 1084 1529 1121 in
1558 1084 1703 1131 hostes,

647 1149 818 1187 Hostica
847 1156 939 1187 sunt
968 1150 1052 1188 eius
1082 1150 1183 1187 colla
1212 1148 1377 1187 subacta
1406 1161 1550 1188 manu:

646 1214 761 1253 Colla
790 1215 1051 1264 superborum
1081 1214 1223 1264 premit
1253 1215 1337 1253 eius
1367 1215 1503 1253 dextra
1532 1226 1601 1264 per
1630 1213 1795 1261 orbem3

646 1280 711 1318 Sic
738 1280 951 1330 leopardus
981 1293 1029 1319 eo
1059 1281 1204 1319 dicitur
1232 1292 1318 1318 esse
1347 1281 1421 1319 leo.
1881 1268 1886 1271 ’
1948 1285 2015 1330 960

699 1347 822 1384 Terra
851 1347 985 1396 quieta
1010 1346 1082 1384 fuit
1112 1346 1186 1384 sub
1216 1346 1283 1384 tali
1313 1346 1491 1396 principe
1520 1358 1678 1396 magno,

647 1412 741 1449 Non
770 1418 887 1450 terret
915 1412 1068 1462 gladius
1098 1410 1323 1462 quos‘tegit
1352 1412 1418 1450 illa
1446 1407 1614 1451 manus:

646 1476 729 1515 Sub
759 1477 847 1524 ficu,
880 1476 955 1515 sub
984 1478 1062 1516 vite
1091 1490 1172 1524 sua,
1204 1477 1279 1515 sub
1309 1478 1460 1524 fronde,
1493 1478 1567 1516 sub
1596 1476 1745 1524 vmbra‚

646 1542 829 1592 Quisque
858 1549 993 1581 manet
1022 1549 1129 1580 tutus
1160 1542 1304 1580 nobilis
1334 1555 1429 1581 ense
1459 1543 1595 1582 ducis:

646 1608 710 1646 Sic
740 1607 901 1646 robusta
931 1620 1001 1645 sua
1029 1608 1148 1645 virtus
1178 1608 1266 1657 plus
1296 1608 1417 1658 surgit
1446 1608 1486 1645 in
1515 1608 1649 1655 altum,

646 1674 741 1711 Plus
769 1673 874 1723 viget
903 1673 1017 1711 hoste
1048 1685 1132 1720 suo,
1164 1674 1252 1722 plus
1283 1673 1489 1722 probitatis
1519 1673 1650 1712 habet.

646 1738 684 1777 O
714 1750 789 1786 rex,
822 1739 924 1776 facta
952 1739 1009 1776 tui
1039 1739 1163 1776 retine
1192 1738 1263 1776 tibi
1293 1739 1422 1787 patris,
1453 1744 1494 1776 vt
1523 1739 1588 1777 illa

647 1805 763 1851 Laus,
796 1816 915 1854 quam
945 1805 1171 1853 promeruit,
1204 1804 1253 1842 sit
1281 1804 1492 1843 tribuenda
1521 1803 1603 1843 tibi.

645 1869 831 1908 Audaces
861 1870 1017 1908 fortuna
1046 1870 1187 1907 iuuans
1216 1877 1468 1908 consummat
1496 1870 1537 1907 in
1566 1878 1700 1909 actum

646 1936 738 1984 Que
767 1934 841 1974 sibi
870 1936 953 1973 vult
982 1936 1149 1982 animus,
1182 1943 1220 1974 et
1249 1936 1410 1985 pociora
1439 1935 1562 1974 dabit.
1946 1950 2013 1987 970

646 2003 728 2039 Pax
756 2013 873 2051 super
901 2013 1022 2039 omne
1050 2000 1203 2039 bonum
1234 2002 1398 2049 scandit,
1431 2008 1489 2040 set
1519 2002 1682 2052 quando
1710 2002 1876 2053 probata

646 2067 802 2105 Bellum
832 2067 916 2105 iura
945 2072 1095 2116 petunt,
1128 2067 1225 2105 illud
1254 2074 1409 2116 oportet
1438 2068 1523 2117 agi:

646 2133 719 2171 Est
746 2139 904 2182 tempus
933 2131 1036 2179 belli,
1060 2133 1116 2170 sic
1145 2139 1237 2170 sunt
1266 2139 1305 2171 et
1334 2140 1513 2182 tempora
1543 2134 1661 2182 pacis,

645 2197 813 2236 Actibus
843 2198 884 2235 in
913 2198 1067 2235 cunctis
1096 2205 1139 2235 tu
1168 2199 1428 2236 moderamen
1458 2197 1573 2236 habe.

647 2264 812 2310 Hector,
843 2263 1080 2309 Alexander,
1112 2263 1266 2301 fuerant
1295 2263 1392 2301 dum
1423 2263 1649 2311 nobiliores,

646 2329 790 2367 Sistere
819 2327 1041 2378 disparibus
1071 2340 1153 2366 non
1183 2335 1347 2377 potuere
1377 2329 1494 2366 rotis:

646 2395 748 2432 Acta
776 2394 895 2443 patris
924 2393 1050 2441 vince,
1081 2394 1286 2442 maiorque
1314 2393 1518 2431 vocaberis
1548 2393 1626 2442 illo,

646 2461 830 2509 Totaque
858 2472 934 2498 vox
962 2459 1106 2498 clamet
1135 2459 1263 2497 laudis
1293 2459 1444 2497 honore
1473 2466 1552 2497 tue.

646 2524 784 2563 Rebus
815 2525 855 2562 in
884 2525 1061 2563 aduersis
1090 2537 1141 2562 ne
1169 2525 1274 2562 laxes
1304 2525 1413 2561 frena
1441 2524 1583 2573 timori,

647 2590 685 2628 Si
716 2590 830 2628 dolor
859 2590 899 2628 in
929 2597 1063 2628 mente
1092 2590 1152 2637 sit,
1184 2590 1270 2627 sine
1298 2596 1398 2627 teste
1428 2590 1543 2629 dole:
1944 2600 2011 2642 980

646 2656 685 2694 Si
716 2655 830 2693 dolor
857 2655 1029 2693 incurrat
1059 2655 1247 2702 animum,
1280 2653 1472 2692 similacio
1502 2657 1655 2694 vultum

646 2720 791 2770 Erigat,
823 2726 861 2758 et
890 2721 1009 2759 facies
1039 2727 1222 2770 contegat
1251 2720 1345 2758 inde
1375 2727 1551 2761 metum:

645 2786 787 2823 Vultus
816 2786 1012 2824 iocundus
1041 2787 1159 2824 timor
1188 2785 1368 2824 hostibus
1399 2793 1456 2824 est
1486 2793 1525 2825 et
1553 2787 1691 2826 amicis

645 2850 794 2900 Gloria,
823 2863 915 2888 nam
944 2851 1063 2890 facies
1093 2851 1238 2889 nuncia
1268 2852 1412 2889 mentis
1441 2853 1524 2891 erit.

1138 2936 1204 2966 979
1229 2925 1289 2967 ne]
1308 2925 1357 2956 nil
1374 2926 1402 2958 C
