<?xml version="1.0" encoding="UTF-8"?>
<!DOCTYPE html PUBLIC "-//W3C//DTD XHTML 1.0 Transitional//EN"
    "http://www.w3.org/TR/xhtml1/DTD/xhtml1-transitional.dtd">
<html xmlns="http://www.w3.org/1999/xhtml" xml:lang="en" lang="en">
 <head>
  <title>
</title>
<meta http-equiv="Content-Type" content="text/html;charset=utf-8" />
  <meta name='ocr-system' content='tesseract 3.04.00' />
  <meta name='ocr-capabilities' content='ocr_page ocr_carea ocr_par ocr_line ocrx_word'/>
</head>
<body>
  <div class='ocr_page' id='page_1' title='image "./completeworksofj04gowe_0221.png"; bbox 0 0 2095 3173; ppageno 0'>
   <div class='ocr_carea' id='block_1_1' title="bbox 630 210 1128 252">
    <p class='ocr_par' dir='ltr' id='par_1_1' title="bbox 630 210 1128 252">
     <span class='ocr_line' id='line_1_1' title="bbox 630 210 1128 252; baseline 0.004 -2"><span class='ocrx_word' id='word_1_1' title='bbox 630 211 816 251; x_wconf 84' lang='lat' dir='ltr'>LIBER</span> <span class='ocrx_word' id='word_1_2' title='bbox 856 210 1128 252; x_wconf 86' lang='lat' dir='ltr'><strong>TERCIUS</strong></span> 
     </span>
    </p>
   </div>
   <div class='ocr_carea' id='block_1_2' title="bbox 245 317 1295 628">
    <p class='ocr_par' dir='ltr' id='par_1_2' title="bbox 245 317 1224 496">
     <span class='ocr_line' id='line_1_2' title="bbox 247 317 1186 367; baseline 0.001 -12"><span class='ocrx_word' id='word_1_3' title='bbox 247 318 398 364; x_wconf 86' lang='lat' dir='ltr'><strong>Fastus,</strong></span> <span class='ocrx_word' id='word_1_4' title='bbox 430 323 468 355; x_wconf 90' lang='lat' dir='ltr'><strong>et</strong></span> <span class='ocrx_word' id='word_1_5' title='bbox 498 329 545 355; x_wconf 84' lang='lat' dir='ltr'><strong>ex</strong></span> <span class='ocrx_word' id='word_1_6' title='bbox 573 317 712 354; x_wconf 88' lang='lat' dir='ltr'><strong>humili</strong></span> <span class='ocrx_word' id='word_1_7' title='bbox 742 317 862 356; x_wconf 90' lang='lat' dir='ltr'><strong>corde</strong></span> <span class='ocrx_word' id='word_1_8' title='bbox 890 324 1046 367; x_wconf 88' lang='lat' dir='ltr'><strong>paretur</strong></span> <span class='ocrx_word' id='word_1_9' title='bbox 1075 330 1186 367; x_wconf 88' lang='lat' dir='ltr'><strong>opus.</strong></span> 
     </span>
     <span class='ocr_line' id='line_1_3' title="bbox 247 383 1224 432; baseline 0 -12"><span class='ocrx_word' id='word_1_10' title='bbox 247 383 447 421; x_wconf 93' lang='lat' dir='ltr'><strong>Incertum</strong></span> <span class='ocrx_word' id='word_1_11' title='bbox 477 383 642 429; x_wconf 86' lang='lat' dir='ltr'><strong>dimitte,</strong></span> <span class='ocrx_word' id='word_1_12' title='bbox 673 388 765 420; x_wconf 89' lang='lat' dir='ltr'><strong>tene</strong></span> <span class='ocrx_word' id='word_1_13' title='bbox 793 389 954 430; x_wconf 88' lang='lat' dir='ltr'><strong>certum,</strong></span> <span class='ocrx_word' id='word_1_14' title='bbox 986 383 1078 432; x_wconf 91' lang='lat' dir='ltr'><strong>quia</strong></span> <span class='ocrx_word' id='word_1_15' title='bbox 1107 383 1224 422; x_wconf 89' lang='lat' dir='ltr'><strong>Cristi</strong></span> 
     </span>
     <span class='ocr_line' id='line_1_4' title="bbox 245 447 1142 496; baseline 0.002 -12"><span class='ocrx_word' id='word_1_16' title='bbox 245 449 369 485; x_wconf 91' lang='lat' dir='ltr'><strong>Actus</strong></span> <span class='ocrx_word' id='word_1_17' title='bbox 399 454 480 485; x_wconf 86' lang='lat' dir='ltr'><strong>erat</strong></span> <span class='ocrx_word' id='word_1_18' title='bbox 508 447 627 496; x_wconf 87' lang='lat' dir='ltr'><strong>pacis,</strong></span> <span class='ocrx_word' id='word_1_19' title='bbox 658 447 761 485; x_wconf 89' lang='lat' dir='ltr'><strong>bella</strong></span> <span class='ocrx_word' id='word_1_20' title='bbox 790 459 864 485; x_wconf 90' lang='lat' dir='ltr'><strong>nec</strong></span> <span class='ocrx_word' id='word_1_21' title='bbox 892 448 968 485; x_wconf 90' lang='lat' dir='ltr'><strong>vlla</strong></span> <span class='ocrx_word' id='word_1_22' title='bbox 997 455 1142 486; x_wconf 87' lang='lat' dir='ltr'><strong>mouet.</strong></span> 
     </span>
    </p>

    <p class='ocr_par' dir='ltr' id='par_1_3' title="bbox 245 511 1295 628">
     <span class='ocr_line' id='line_1_5' title="bbox 245 511 1258 561; baseline 0.003 -12"><span class='ocrx_word' id='word_1_23' title='bbox 245 511 285 549; x_wconf 89' lang='lat' dir='ltr'><strong>Si</strong></span> <span class='ocrx_word' id='word_1_24' title='bbox 314 519 433 560; x_wconf 89' lang='lat' dir='ltr'><strong>caput</strong></span> <span class='ocrx_word' id='word_1_25' title='bbox 462 512 627 549; x_wconf 80' lang='lat' dir='ltr'><strong>ecclesie</strong></span> <span class='ocrx_word' id='word_1_26' title='bbox 656 512 860 561; x_wconf 87' lang='lat' dir='ltr'><strong>delinquat</strong></span> <span class='ocrx_word' id='word_1_27' title='bbox 888 512 939 550; x_wconf 89' lang='lat' dir='ltr'><strong>ab</strong></span> <span class='ocrx_word' id='word_1_28' title='bbox 969 513 1108 551; x_wconf 87' lang='lat' dir='ltr'><strong>ordine</strong></span> <span class='ocrx_word' id='word_1_29' title='bbox 1137 526 1258 560; x_wconf 88' lang='lat' dir='ltr'><strong>sacro,</strong></span> 
     </span>
     <span class='ocr_line' id='line_1_6' title="bbox 245 576 1295 628; baseline 0.003 -14"><span class='ocrx_word' id='word_1_30' title='bbox 245 577 351 615; x_wconf 90' lang='lat' dir='ltr'><strong>Ecce</strong></span> <span class='ocrx_word' id='word_1_31' title='bbox 380 577 530 626; x_wconf 87' lang='lat' dir='ltr'><strong>nephas</strong></span> <span class='ocrx_word' id='word_1_32' title='bbox 559 577 698 626; x_wconf 86' lang='lat' dir='ltr'><strong>capitis</strong></span> <span class='ocrx_word' id='word_1_33' title='bbox 727 576 905 615; x_wconf 89' lang='lat' dir='ltr'><strong>membra</strong></span> <span class='ocrx_word' id='word_1_34' title='bbox 934 578 1147 626; x_wconf 80' lang='lat' dir='ltr'><strong>nephanda</strong></span> <span class='ocrx_word' id='word_1_35' title='bbox 1176 585 1295 628; x_wconf 87' lang='lat' dir='ltr'><strong>parat.</strong></span> 
     </span>
    </p>
   </div>
   <div class='ocr_carea' id='block_1_3' title="bbox 232 674 1394 2872">
    <p class='ocr_par' dir='ltr' id='par_1_4' title="bbox 241 674 1336 1050">
     <span class='ocr_line' id='line_1_7' title="bbox 298 674 1314 726; baseline 0.002 -13"><span class='ocrx_word' id='word_1_36' title='bbox 298 675 409 713; x_wconf 92' lang='lat' dir='ltr'><strong>Ordo</strong></span> <span class='ocrx_word' id='word_1_37' title='bbox 439 674 688 713; x_wconf 86' lang='lat' dir='ltr'><strong>sacerdotum</strong></span> <span class='ocrx_word' id='word_1_38' title='bbox 718 686 789 723; x_wconf 92' lang='lat' dir='ltr'><strong>pro</strong></span> <span class='ocrx_word' id='word_1_39' title='bbox 820 675 936 713; x_wconf 87' lang='lat' dir='ltr'><strong>Cristi</strong></span> <span class='ocrx_word' id='word_1_40' title='bbox 967 676 1128 714; x_wconf 87' lang='lat' dir='ltr'><strong>nomine</strong></span> <span class='ocrx_word' id='word_1_41' title='bbox 1157 689 1314 726; x_wconf 85' lang='lat' dir='ltr'><strong>guerras</strong></span> 
     </span>
     <span class='ocr_line' id='line_1_8' title="bbox 243 739 1182 789; baseline 0.002 -12"><span class='ocrx_word' id='word_1_42' title='bbox 243 740 337 777; x_wconf 93' lang='lat' dir='ltr'><strong>Non</strong></span> <span class='ocrx_word' id='word_1_43' title='bbox 367 740 487 786; x_wconf 88' lang='lat' dir='ltr'><strong>dedit,</strong></span> <span class='ocrx_word' id='word_1_44' title='bbox 519 740 642 777; x_wconf 88' lang='lat' dir='ltr'><strong>immo</strong></span> <span class='ocrx_word' id='word_1_45' title='bbox 669 739 748 788; x_wconf 88' lang='lat' dir='ltr'><strong>pati</strong></span> <span class='ocrx_word' id='word_1_46' title='bbox 778 752 869 777; x_wconf 89' lang='lat' dir='ltr'><strong>cum</strong></span> <span class='ocrx_word' id='word_1_47' title='bbox 899 740 1043 789; x_wconf 85' lang='lat' dir='ltr'><strong>pietate</strong></span> <span class='ocrx_word' id='word_1_48' title='bbox 1072 742 1182 779; x_wconf 89' lang='lat' dir='ltr'><strong>solet.</strong></span> 
     </span>
     <span class='ocr_line' id='line_1_9' title="bbox 242 804 1336 855; baseline 0.001 -12"><span class='ocrx_word' id='word_1_49' title='bbox 242 804 429 843; x_wconf 89' lang='lat' dir='ltr'><strong>Fustibus</strong></span> <span class='ocrx_word' id='word_1_50' title='bbox 458 805 513 842; x_wconf 90' lang='lat' dir='ltr'><strong>hii</strong></span> <span class='ocrx_word' id='word_1_51' title='bbox 542 805 632 842; x_wconf 88' lang='lat' dir='ltr'><strong>torti</strong></span> <span class='ocrx_word' id='word_1_52' title='bbox 662 816 903 854; x_wconf 83' lang='lat' dir='ltr'><strong>quemquam</strong></span> <span class='ocrx_word' id='word_1_53' title='bbox 933 812 1115 855; x_wconf 89' lang='lat' dir='ltr'><strong>torquere</strong></span> <span class='ocrx_word' id='word_1_54' title='bbox 1144 814 1336 853; x_wconf 90' lang='lat' dir='ltr'><strong>recusant,</strong></span> 
     </span>
     <span class='ocr_line' id='line_1_10' title="bbox 241 860 1300 921; baseline 0.001 -13"><span class='ocrx_word' id='word_1_55' title='bbox 241 860 478 919; x_wconf 85' lang='lat' dir='ltr'><strong>Cunctaque</strong></span> <span class='ocrx_word' id='word_1_56' title='bbox 508 870 563 907; x_wconf 92' lang='lat' dir='ltr'><strong>sic</strong></span> <span class='ocrx_word' id='word_1_57' title='bbox 593 870 765 917; x_wconf 87' lang='lat' dir='ltr'><strong>vincunt,</strong></span> <span class='ocrx_word' id='word_1_58' title='bbox 798 871 893 908; x_wconf 93' lang='lat' dir='ltr'><strong>dum</strong></span> <span class='ocrx_word' id='word_1_59' title='bbox 923 871 1124 920; x_wconf 79' lang='lat' dir='ltr'><strong>pacienter</strong></span> <span class='ocrx_word' id='word_1_60' title='bbox 1152 878 1300 921; x_wconf 85' lang='lat' dir='ltr'><strong>agunt3</strong></span> 
     </span>
     <span class='ocr_line' id='line_1_11' title="bbox 243 935 1329 985; baseline 0.002 -13"><span class='ocrx_word' id='word_1_61' title='bbox 243 935 372 984; x_wconf 87' lang='lat' dir='ltr'><strong>Inque</strong></span> <span class='ocrx_word' id='word_1_62' title='bbox 403 935 510 973; x_wconf 93' lang='lat' dir='ltr'><strong>bono</strong></span> <span class='ocrx_word' id='word_1_63' title='bbox 540 935 667 973; x_wconf 86' lang='lat' dir='ltr'><strong>vicere</strong></span> <span class='ocrx_word' id='word_1_64' title='bbox 696 935 856 982; x_wconf 88' lang='lat' dir='ltr'><strong>malum,</strong></span> <span class='ocrx_word' id='word_1_65' title='bbox 889 937 980 985; x_wconf 82' lang='lat' dir='ltr'><strong>quia</strong></span> <span class='ocrx_word' id='word_1_66' title='bbox 1011 937 1163 975; x_wconf 87' lang='lat' dir='ltr'><strong>Cristus</strong></span> <span class='ocrx_word' id='word_1_67' title='bbox 1193 949 1329 975; x_wconf 88' lang='lat' dir='ltr'><strong>eorum</strong></span> 
     </span>
     <span class='ocr_line' id='line_1_12' title="bbox 243 1000 1099 1050; baseline 0.002 -13"><span class='ocrx_word' id='word_1_68' title='bbox 243 1001 335 1037; x_wconf 85' lang='lat' dir='ltr'><strong>Dux</strong></span> <span class='ocrx_word' id='word_1_69' title='bbox 365 1001 447 1047; x_wconf 86' lang='lat' dir='ltr'><strong>fuit,</strong></span> <span class='ocrx_word' id='word_1_70' title='bbox 480 1007 518 1038; x_wconf 92' lang='lat' dir='ltr'><strong>et</strong></span> <span class='ocrx_word' id='word_1_71' title='bbox 547 1000 656 1038; x_wconf 90' lang='lat' dir='ltr'><strong>iustis</strong></span> <span class='ocrx_word' id='word_1_72' title='bbox 686 1000 787 1038; x_wconf 89' lang='lat' dir='ltr'><strong>iusta</strong></span> <span class='ocrx_word' id='word_1_73' title='bbox 816 1001 937 1050; x_wconf 90' lang='lat' dir='ltr'><strong>petita</strong></span> <span class='ocrx_word' id='word_1_74' title='bbox 967 1000 1099 1039; x_wconf 85' lang='lat' dir='ltr'><strong>dabat.</strong></span> 
     </span>
    </p>

    <p class='ocr_par' dir='ltr' id='par_1_5' title="bbox 240 1063 1200 1180">
     <span class='ocr_line' id='line_1_13' title="bbox 242 1063 1200 1115; baseline 0.002 -13"><span class='ocrx_word' id='word_1_75' title='bbox 242 1065 428 1113; x_wconf 83' lang='lat' dir='ltr'><strong>Quesiuit</strong></span> <span class='ocrx_word' id='word_1_76' title='bbox 457 1064 640 1115; x_wconf 84' lang='lat' dir='ltr'><strong>precibus</strong></span> <span class='ocrx_word' id='word_1_77' title='bbox 669 1063 775 1103; x_wconf 87' lang='lat' dir='ltr'><strong>bona</strong></span> <span class='ocrx_word' id='word_1_78' title='bbox 806 1066 1020 1114; x_wconf 84' lang='lat' dir='ltr'><strong>spiritualia</strong></span> <span class='ocrx_word' id='word_1_79' title='bbox 1050 1067 1200 1113; x_wconf 87' lang='lat' dir='ltr'><strong>Petrus,</strong></span> 
     </span>
     <span class='ocr_line' id='line_1_14' title="bbox 240 1130 1085 1180; baseline 0.001 -13"><span class='ocrx_word' id='word_1_80' title='bbox 240 1130 346 1168; x_wconf 90' lang='lat' dir='ltr'><strong>Vicit</strong></span> <span class='ocrx_word' id='word_1_81' title='bbox 375 1137 413 1168; x_wconf 90' lang='lat' dir='ltr'><strong>et</strong></span> <span class='ocrx_word' id='word_1_82' title='bbox 443 1130 595 1180; x_wconf 83' lang='lat' dir='ltr'><strong>egregie</strong></span> <span class='ocrx_word' id='word_1_83' title='bbox 628 1131 683 1168; x_wconf 91' lang='lat' dir='ltr'><strong>sic</strong></span> <span class='ocrx_word' id='word_1_84' title='bbox 713 1143 784 1169; x_wconf 92' lang='lat' dir='ltr'><strong>sua</strong></span> <span class='ocrx_word' id='word_1_85' title='bbox 813 1130 916 1168; x_wconf 87' lang='lat' dir='ltr'><strong>bella</strong></span> <span class='ocrx_word' id='word_1_86' title='bbox 946 1143 1085 1180; x_wconf 85' lang='lat' dir='ltr'><strong>prece:</strong></span> 
     </span>
    </p>

    <p class='ocr_par' dir='ltr' id='par_1_6' title="bbox 241 1195 1113 1242">
     <span class='ocr_line' id='line_1_15' title="bbox 241 1195 1113 1242; baseline -0.001 -9"><span class='ocrx_word' id='word_1_87' title='bbox 241 1196 333 1233; x_wconf 91' lang='lat' dir='ltr'><strong>Hec</strong></span> <span class='ocrx_word' id='word_1_88' title='bbox 363 1196 434 1233; x_wconf 90' lang='lat' dir='ltr'><strong>fuit</strong></span> <span class='ocrx_word' id='word_1_89' title='bbox 463 1196 605 1233; x_wconf 84' lang='lat' dir='ltr'><strong>excelsi</strong></span> <span class='ocrx_word' id='word_1_90' title='bbox 635 1196 770 1234; x_wconf 79' lang='lat' dir='ltr'><strong>dextre</strong></span> <span class='ocrx_word' id='word_1_91' title='bbox 799 1195 970 1242; x_wconf 90' lang='lat' dir='ltr'><strong>victoria,</strong></span> <span class='ocrx_word' id='word_1_92' title='bbox 1002 1195 1113 1233; x_wconf 89' lang='lat' dir='ltr'><strong>cuius</strong></span> 
     </span>
    </p>

    <p class='ocr_par' dir='ltr' id='par_1_7' title="bbox 239 1260 1129 1310">
     <span class='ocr_line' id='line_1_16' title="bbox 239 1260 1129 1310; baseline 0 -14"><span class='ocrx_word' id='word_1_93' title='bbox 239 1260 399 1298; x_wconf 87' lang='lat' dir='ltr'><strong>Viribus</strong></span> <span class='ocrx_word' id='word_1_94' title='bbox 429 1261 593 1298; x_wconf 87' lang='lat' dir='ltr'><strong>efficitur</strong></span> <span class='ocrx_word' id='word_1_95' title='bbox 622 1260 812 1310; x_wconf 91' lang='lat' dir='ltr'><strong>quicquid</strong></span> <span class='ocrx_word' id='word_1_96' title='bbox 841 1260 981 1298; x_wconf 88' lang='lat' dir='ltr'><strong>adesse</strong></span> <span class='ocrx_word' id='word_1_97' title='bbox 1010 1260 1129 1309; x_wconf 89' lang='lat' dir='ltr'><strong>cupit.</strong></span> 
     </span>
    </p>

    <p class='ocr_par' dir='ltr' id='par_1_8' title="bbox 239 1325 1314 1440">
     <span class='ocr_line' id='line_1_17' title="bbox 240 1325 1314 1374; baseline 0.001 -11"><span class='ocrx_word' id='word_1_98' title='bbox 240 1325 387 1363; x_wconf 90' lang='lat' dir='ltr'><strong>Omnia</strong></span> <span class='ocrx_word' id='word_1_99' title='bbox 417 1337 589 1374; x_wconf 86' lang='lat' dir='ltr'><strong>namque</strong></span> <span class='ocrx_word' id='word_1_100' title='bbox 619 1326 682 1374; x_wconf 91' lang='lat' dir='ltr'><strong>pie</strong></span> <span class='ocrx_word' id='word_1_101' title='bbox 711 1326 948 1371; x_wconf 87' lang='lat' dir='ltr'><strong>moderatur,</strong></span> <span class='ocrx_word' id='word_1_102' title='bbox 980 1332 1018 1363; x_wconf 92' lang='lat' dir='ltr'><strong>et</strong></span> <span class='ocrx_word' id='word_1_103' title='bbox 1048 1325 1182 1363; x_wconf 90' lang='lat' dir='ltr'><strong>omnia</strong></span> <span class='ocrx_word' id='word_1_104' title='bbox 1212 1325 1314 1364; x_wconf 89' lang='lat' dir='ltr'><strong>iusto</strong></span> 
     </span>
     <span class='ocr_line' id='line_1_18' title="bbox 239 1390 1185 1440; baseline 0.002 -13"><span class='ocrx_word' id='word_1_105' title='bbox 239 1390 422 1429; x_wconf 89' lang='lat' dir='ltr'><strong>Pondere</strong></span> <span class='ocrx_word' id='word_1_106' title='bbox 451 1391 669 1440; x_wconf 87' lang='lat' dir='ltr'><strong>perpendit,</strong></span> <span class='ocrx_word' id='word_1_107' title='bbox 701 1391 795 1429; x_wconf 89' lang='lat' dir='ltr'><strong>dum</strong></span> <span class='ocrx_word' id='word_1_108' title='bbox 828 1403 899 1428; x_wconf 88' lang='lat' dir='ltr'><strong>sua</strong></span> <span class='ocrx_word' id='word_1_109' title='bbox 928 1397 1019 1428; x_wconf 88' lang='lat' dir='ltr'><strong>vota</strong></span> <span class='ocrx_word' id='word_1_110' title='bbox 1049 1391 1185 1429; x_wconf 89' lang='lat' dir='ltr'><strong>dedit:</strong></span> 
     </span>
    </p>

    <p class='ocr_par' dir='ltr' id='par_1_9' title="bbox 237 1455 1262 1559">
     <span class='ocr_line' id='line_1_19' title="bbox 237 1455 1262 1505; baseline 0 -12"><span class='ocrx_word' id='word_1_111' title='bbox 237 1456 302 1494; x_wconf 89' lang='lat' dir='ltr'><strong>Sic</strong></span> <span class='ocrx_word' id='word_1_112' title='bbox 331 1455 398 1505; x_wconf 94' lang='lat' dir='ltr'><strong>qui</strong></span> <span class='ocrx_word' id='word_1_113' title='bbox 429 1456 668 1505; x_wconf 90' lang='lat' dir='ltr'><strong>prospiceret</strong></span> <span class='ocrx_word' id='word_1_114' title='bbox 699 1456 815 1495; x_wconf 86' lang='lat' dir='ltr'><strong>Cristi</strong></span> <span class='ocrx_word' id='word_1_115' title='bbox 845 1456 1041 1494; x_wconf 90' lang='lat' dir='ltr'><strong>meditans</strong></span> <span class='ocrx_word' id='word_1_116' title='bbox 1063 1456 1262 1505; x_wconf 89' lang='lat' dir='ltr'><strong>pietatem,</strong></span> 
     </span>
     <span class='ocr_line' id='line_1_20' title="bbox 238 1521 1136 1559; baseline 0 -1"><span class='ocrx_word' id='word_1_117' title='bbox 238 1521 331 1558; x_wconf 95' lang='lat' dir='ltr'><strong>Non</strong></span> <span class='ocrx_word' id='word_1_118' title='bbox 362 1521 537 1559; x_wconf 88' lang='lat' dir='ltr'><strong>tumidus</strong></span> <span class='ocrx_word' id='word_1_119' title='bbox 568 1521 676 1559; x_wconf 88' lang='lat' dir='ltr'><strong>fieret</strong></span> <span class='ocrx_word' id='word_1_120' title='bbox 707 1533 780 1559; x_wconf 91' lang='lat' dir='ltr'><strong>nec</strong></span> <span class='ocrx_word' id='word_1_121' title='bbox 809 1521 970 1559; x_wconf 89' lang='lat' dir='ltr'><strong>leuitate</strong></span> <span class='ocrx_word' id='word_1_122' title='bbox 999 1522 1136 1559; x_wconf 87' lang='lat' dir='ltr'><strong>fluens.</strong></span> 
     </span>
    </p>

    <p class='ocr_par' dir='ltr' id='par_1_10' title="bbox 236 1586 1368 1831">
     <span class='ocr_line' id='line_1_21' title="bbox 293 1586 1368 1636; baseline 0.001 -13"><span class='ocrx_word' id='word_1_123' title='bbox 293 1586 385 1624; x_wconf 92' lang='lat' dir='ltr'><strong>Non</strong></span> <span class='ocrx_word' id='word_1_124' title='bbox 415 1587 487 1624; x_wconf 91' lang='lat' dir='ltr'><strong>fuit</strong></span> <span class='ocrx_word' id='word_1_125' title='bbox 516 1593 722 1636; x_wconf 85' lang='lat' dir='ltr'><strong>argentum</strong></span> <span class='ocrx_word' id='word_1_126' title='bbox 753 1586 826 1625; x_wconf 87' lang='lat' dir='ltr'><strong>sibi</strong></span> <span class='ocrx_word' id='word_1_127' title='bbox 857 1587 953 1625; x_wconf 79' lang='lat' dir='ltr'><strong>dixit</strong></span> <span class='ocrx_word' id='word_1_128' title='bbox 984 1589 1121 1625; x_wconf 86' lang='lat' dir='ltr'><strong>Petrus</strong></span> <span class='ocrx_word' id='word_1_129' title='bbox 1151 1593 1189 1625; x_wconf 90' lang='lat' dir='ltr'><strong>et</strong></span> <span class='ocrx_word' id='word_1_130' title='bbox 1218 1599 1368 1633; x_wconf 90' lang='lat' dir='ltr'><strong>aurum,</strong></span> 
     </span>
     <span class='ocr_line' id='line_1_22' title="bbox 238 1651 1154 1701; baseline 0 -11"><span class='ocrx_word' id='word_1_131' title='bbox 238 1651 304 1690; x_wconf 85' lang='lat' dir='ltr'><strong>Set</strong></span> <span class='ocrx_word' id='word_1_132' title='bbox 333 1652 510 1700; x_wconf 89' lang='lat' dir='ltr'><strong>preciosa</strong></span> <span class='ocrx_word' id='word_1_133' title='bbox 540 1653 662 1701; x_wconf 82' lang='lat' dir='ltr'><strong>magis</strong></span> <span class='ocrx_word' id='word_1_134' title='bbox 692 1653 761 1690; x_wconf 88' lang='lat' dir='ltr'><strong>dat</strong></span> <span class='ocrx_word' id='word_1_135' title='bbox 790 1652 864 1690; x_wconf 91' lang='lat' dir='ltr'><strong>sibi</strong></span> <span class='ocrx_word' id='word_1_136' title='bbox 895 1653 1001 1690; x_wconf 89' lang='lat' dir='ltr'><strong>dona</strong></span> <span class='ocrx_word' id='word_1_137' title='bbox 1031 1653 1154 1691; x_wconf 90' lang='lat' dir='ltr'><strong>deus:</strong></span> 
     </span>
     <span class='ocr_line' id='line_1_23' title="bbox 238 1717 1305 1767; baseline 0 -13"><span class='ocrx_word' id='word_1_138' title='bbox 238 1717 400 1755; x_wconf 85' lang='lat' dir='ltr'><strong>Dixerat</strong></span> <span class='ocrx_word' id='word_1_139' title='bbox 430 1718 494 1755; x_wconf 92' lang='lat' dir='ltr'><strong>hic</strong></span> <span class='ocrx_word' id='word_1_140' title='bbox 523 1718 666 1756; x_wconf 89' lang='lat' dir='ltr'><strong>claudo</strong></span> <span class='ocrx_word' id='word_1_141' title='bbox 696 1718 806 1767; x_wconf 93' lang='lat' dir='ltr'><strong>quod</strong></span> <span class='ocrx_word' id='word_1_142' title='bbox 835 1724 974 1767; x_wconf 82' lang='lat' dir='ltr'><strong>surgat,</strong></span> <span class='ocrx_word' id='word_1_143' title='bbox 1009 1718 1129 1767; x_wconf 85' lang='lat' dir='ltr'><strong>surgit</strong></span> <span class='ocrx_word' id='word_1_144' title='bbox 1159 1723 1198 1755; x_wconf 90' lang='lat' dir='ltr'><strong>et</strong></span> <span class='ocrx_word' id='word_1_145' title='bbox 1227 1717 1305 1764; x_wconf 87' lang='lat' dir='ltr'><strong>ille,</strong></span> 
     </span>
     <span class='ocr_line' id='line_1_24' title="bbox 236 1782 1144 1831; baseline -0.001 -11"><span class='ocrx_word' id='word_1_146' title='bbox 236 1782 427 1820; x_wconf 88' lang='lat' dir='ltr'><strong>Ambulet</strong></span> <span class='ocrx_word' id='word_1_147' title='bbox 456 1789 495 1821; x_wconf 87' lang='lat' dir='ltr'><strong>et</strong></span> <span class='ocrx_word' id='word_1_148' title='bbox 525 1783 652 1829; x_wconf 87' lang='lat' dir='ltr'><strong>vadat,</strong></span> <span class='ocrx_word' id='word_1_149' title='bbox 684 1782 791 1820; x_wconf 89' lang='lat' dir='ltr'><strong>vadit</strong></span> <span class='ocrx_word' id='word_1_150' title='bbox 821 1788 860 1820; x_wconf 92' lang='lat' dir='ltr'><strong>et</strong></span> <span class='ocrx_word' id='word_1_151' title='bbox 889 1782 972 1831; x_wconf 89' lang='lat' dir='ltr'><strong>ipse</strong></span> <span class='ocrx_word' id='word_1_152' title='bbox 1003 1782 1144 1819; x_wconf 91' lang='lat' dir='ltr'><strong>statim.</strong></span> 
     </span>
    </p>

    <p class='ocr_par' dir='ltr' id='par_1_11' title="bbox 235 1847 1394 1960">
     <span class='ocr_line' id='line_1_25' title="bbox 236 1847 1394 1896; baseline -0.002 -11"><span class='ocrx_word' id='word_1_153' title='bbox 236 1847 355 1885; x_wconf 91' lang='lat' dir='ltr'><strong>Nunc</strong></span> <span class='ocrx_word' id='word_1_154' title='bbox 385 1847 480 1896; x_wconf 91' lang='lat' dir='ltr'><strong>quid</strong></span> <span class='ocrx_word' id='word_1_155' title='bbox 511 1848 581 1884; x_wconf 90' lang='lat' dir='ltr'><strong>erit</strong></span> <span class='ocrx_word' id='word_1_156' title='bbox 611 1847 756 1884; x_wconf 88' lang='lat' dir='ltr'><strong>nobis?</strong></span> <span class='ocrx_word' id='word_1_157' title='bbox 794 1859 887 1884; x_wconf 89' lang='lat' dir='ltr'><strong>nam</strong></span> <span class='ocrx_word' id='word_1_158' title='bbox 917 1847 947 1883; x_wconf 91' lang='lat' dir='ltr'><strong>si</strong></span> <span class='ocrx_word' id='word_1_159' title='bbox 979 1847 1035 1884; x_wconf 91' lang='lat' dir='ltr'><strong>vir</strong></span> <span class='ocrx_word' id='word_1_160' title='bbox 1064 1847 1235 1895; x_wconf 88' lang='lat' dir='ltr'><strong>postulet</strong></span> <span class='ocrx_word' id='word_1_161' title='bbox 1264 1847 1394 1884; x_wconf 87' lang='lat' dir='ltr'><strong>omnis</strong></span> 
     </span>
     <span class='ocr_line' id='line_1_26' title="bbox 235 1911 1109 1960; baseline 0.001 -12"><span class='ocrx_word' id='word_1_162' title='bbox 235 1913 290 1949; x_wconf 88' lang='lat' dir='ltr'><strong>Vt</strong></span> <span class='ocrx_word' id='word_1_163' title='bbox 319 1912 374 1950; x_wconf 89' lang='lat' dir='ltr'><strong>sic</strong></span> <span class='ocrx_word' id='word_1_164' title='bbox 403 1924 596 1959; x_wconf 88' lang='lat' dir='ltr'><strong>curemus,</strong></span> <span class='ocrx_word' id='word_1_165' title='bbox 628 1911 779 1960; x_wconf 85' lang='lat' dir='ltr'><strong>absque</strong></span> <span class='ocrx_word' id='word_1_166' title='bbox 808 1911 932 1949; x_wconf 90' lang='lat' dir='ltr'><strong>salute</strong></span> <span class='ocrx_word' id='word_1_167' title='bbox 962 1923 1109 1949; x_wconf 89' lang='lat' dir='ltr'><strong>sumus.</strong></span> 
     </span>
    </p>

    <p class='ocr_par' dir='ltr' id='par_1_12' title="bbox 236 1976 1308 2155">
     <span class='ocr_line' id='line_1_27' title="bbox 237 1976 1308 2026; baseline -0.002 -12"><span class='ocrx_word' id='word_1_168' title='bbox 237 1977 330 2014; x_wconf 88' lang='lat' dir='ltr'><strong>Non</strong></span> <span class='ocrx_word' id='word_1_169' title='bbox 360 1977 480 2015; x_wconf 89' lang='lat' dir='ltr'><strong>habet</strong></span> <span class='ocrx_word' id='word_1_170' title='bbox 509 1978 633 2015; x_wconf 85' lang='lat' dir='ltr'><strong>elatus</strong></span> <span class='ocrx_word' id='word_1_171' title='bbox 662 1977 828 2022; x_wconf 87' lang='lat' dir='ltr'><strong>animus,</strong></span> <span class='ocrx_word' id='word_1_172' title='bbox 861 1989 941 2026; x_wconf 90' lang='lat' dir='ltr'><strong>quo</strong></span> <span class='ocrx_word' id='word_1_173' title='bbox 971 1976 1089 2025; x_wconf 83' lang='lat' dir='ltr'><strong>digna</strong></span> <span class='ocrx_word' id='word_1_174' title='bbox 1119 1982 1308 2025; x_wconf 89' lang='lat' dir='ltr'><strong>precetur,</strong></span> 
     </span>
     <span class='ocr_line' id='line_1_28' title="bbox 238 2041 1307 2090; baseline -0.001 -11"><span class='ocrx_word' id='word_1_175' title='bbox 238 2042 363 2080; x_wconf 92' lang='lat' dir='ltr'><strong>Molle</strong></span> <span class='ocrx_word' id='word_1_176' title='bbox 393 2054 484 2089; x_wconf 73' lang='lat' dir='ltr'><strong>cor,</strong></span> <span class='ocrx_word' id='word_1_177' title='bbox 522 2042 573 2080; x_wconf 89' lang='lat' dir='ltr'><strong>ad</strong></span> <span class='ocrx_word' id='word_1_178' title='bbox 603 2041 761 2079; x_wconf 87' lang='lat' dir='ltr'><strong>timidas</strong></span> <span class='ocrx_word' id='word_1_179' title='bbox 791 2041 858 2079; x_wconf 87' lang='lat' dir='ltr'><strong>dat</strong></span> <span class='ocrx_word' id='word_1_180' title='bbox 888 2042 985 2079; x_wconf 90' lang='lat' dir='ltr'><strong>deus</strong></span> <span class='ocrx_word' id='word_1_181' title='bbox 1007 2041 1130 2078; x_wconf 91' lang='lat' dir='ltr'><strong>immo</strong></span> <span class='ocrx_word' id='word_1_182' title='bbox 1159 2052 1307 2090; x_wconf 90' lang='lat' dir='ltr'><strong>preces.</strong></span> 
     </span>
     <span class='ocr_line' id='line_1_29' title="bbox 236 2106 1175 2155; baseline -0.002 -11"><span class='ocrx_word' id='word_1_183' title='bbox 236 2107 316 2155; x_wconf 85' lang='lat' dir='ltr'><strong>Qui</strong></span> <span class='ocrx_word' id='word_1_184' title='bbox 346 2108 470 2145; x_wconf 89' lang='lat' dir='ltr'><strong>fuerat</strong></span> <span class='ocrx_word' id='word_1_185' title='bbox 499 2107 625 2145; x_wconf 88' lang='lat' dir='ltr'><strong>dulcis</strong></span> <span class='ocrx_word' id='word_1_186' title='bbox 656 2106 802 2144; x_wconf 90' lang='lat' dir='ltr'><strong>salibus</strong></span> <span class='ocrx_word' id='word_1_187' title='bbox 831 2106 994 2144; x_wconf 88' lang='lat' dir='ltr'><strong>viciatur</strong></span> <span class='ocrx_word' id='word_1_188' title='bbox 1023 2106 1175 2153; x_wconf 86' lang='lat' dir='ltr'><strong>amaris,</strong></span> 
     </span>
    </p>

    <p class='ocr_par' dir='ltr' id='par_1_13' title="bbox 236 2171 1085 2221">
     <span class='ocr_line' id='line_1_30' title="bbox 236 2171 1085 2221; baseline -0.002 -11"><span class='ocrx_word' id='word_1_189' title='bbox 236 2172 409 2221; x_wconf 87' lang='lat' dir='ltr'><strong>Floriger</strong></span> <span class='ocrx_word' id='word_1_190' title='bbox 438 2178 476 2210; x_wconf 89' lang='lat' dir='ltr'><strong>et</strong></span> <span class='ocrx_word' id='word_1_191' title='bbox 505 2173 604 2210; x_wconf 92' lang='lat' dir='ltr'><strong>veris</strong></span> <span class='ocrx_word' id='word_1_192' title='bbox 634 2171 795 2210; x_wconf 89' lang='lat' dir='ltr'><strong>floribus</strong></span> <span class='ocrx_word' id='word_1_193' title='bbox 824 2178 929 2210; x_wconf 85' lang='lat' dir='ltr'><strong>extat</strong></span> <span class='ocrx_word' id='word_1_194' title='bbox 958 2172 1085 2220; x_wconf 91' lang='lat' dir='ltr'><strong>inops.</strong></span> 
     </span>
    </p>

    <p class='ocr_par' dir='ltr' id='par_1_14' title="bbox 233 2237 1140 2286">
     <span class='ocr_line' id='line_1_31' title="bbox 233 2237 1140 2286; baseline -0.001 -12"><span class='ocrx_word' id='word_1_195' title='bbox 233 2238 346 2275; x_wconf 84' lang='lat' dir='ltr'><strong>Auro</strong></span> <span class='ocrx_word' id='word_1_196' title='bbox 376 2237 573 2286; x_wconf 84' lang='lat' dir='ltr'><strong>magnifici</strong></span> <span class='ocrx_word' id='word_1_197' title='bbox 603 2249 739 2275; x_wconf 88' lang='lat' dir='ltr'><strong>sumus</strong></span> <span class='ocrx_word' id='word_1_198' title='bbox 768 2243 807 2275; x_wconf 93' lang='lat' dir='ltr'><strong>et</strong></span> <span class='ocrx_word' id='word_1_199' title='bbox 835 2237 986 2274; x_wconf 91' lang='lat' dir='ltr'><strong>virtutis</strong></span> <span class='ocrx_word' id='word_1_200' title='bbox 1016 2237 1140 2286; x_wconf 87' lang='lat' dir='ltr'><strong>egeni,</strong></span> 
     </span>
    </p>

    <p class='ocr_par' dir='ltr' id='par_1_15' title="bbox 235 2302 1152 2351">
     <span class='ocr_line' id='line_1_32' title="bbox 235 2302 1152 2351; baseline 0.001 -12"><span class='ocrx_word' id='word_1_201' title='bbox 235 2302 339 2340; x_wconf 90' lang='lat' dir='ltr'><strong>Nam</strong></span> <span class='ocrx_word' id='word_1_202' title='bbox 369 2314 446 2351; x_wconf 89' lang='lat' dir='ltr'><strong>que</strong></span> <span class='ocrx_word' id='word_1_203' title='bbox 475 2308 567 2340; x_wconf 89' lang='lat' dir='ltr'><strong>sunt</strong></span> <span class='ocrx_word' id='word_1_204' title='bbox 595 2302 677 2339; x_wconf 87' lang='lat' dir='ltr'><strong>auri</strong></span> <span class='ocrx_word' id='word_1_205' title='bbox 707 2302 891 2340; x_wconf 88' lang='lat' dir='ltr'><strong>duximus</strong></span> <span class='ocrx_word' id='word_1_206' title='bbox 920 2302 985 2339; x_wconf 88' lang='lat' dir='ltr'><strong>illa</strong></span> <span class='ocrx_word' id='word_1_207' title='bbox 1014 2302 1152 2351; x_wconf 88' lang='lat' dir='ltr'><strong>sequi:</strong></span> 
     </span>
    </p>

    <p class='ocr_par' dir='ltr' id='par_1_16' title="bbox 233 2366 1381 2612">
     <span class='ocr_line' id='line_1_33' title="bbox 233 2366 1381 2416; baseline 0.002 -12"><span class='ocrx_word' id='word_1_208' title='bbox 233 2368 386 2404; x_wconf 88' lang='lat' dir='ltr'><strong>Aurum</strong></span> <span class='ocrx_word' id='word_1_209' title='bbox 416 2367 446 2404; x_wconf 92' lang='lat' dir='ltr'><strong>si</strong></span> <span class='ocrx_word' id='word_1_210' title='bbox 476 2367 564 2416; x_wconf 91' lang='lat' dir='ltr'><strong>quis</strong></span> <span class='ocrx_word' id='word_1_211' title='bbox 594 2366 724 2414; x_wconf 92' lang='lat' dir='ltr'><strong>habet,</strong></span> <span class='ocrx_word' id='word_1_212' title='bbox 757 2367 849 2405; x_wconf 88' lang='lat' dir='ltr'><strong>satis</strong></span> <span class='ocrx_word' id='word_1_213' title='bbox 880 2367 1009 2416; x_wconf 91' lang='lat' dir='ltr'><strong>ipsum</strong></span> <span class='ocrx_word' id='word_1_214' title='bbox 1040 2372 1195 2404; x_wconf 89' lang='lat' dir='ltr'><strong>constat</strong></span> <span class='ocrx_word' id='word_1_215' title='bbox 1225 2366 1381 2414; x_wconf 89' lang='lat' dir='ltr'><strong>habere,</strong></span> 
     </span>
     <span class='ocr_line' id='line_1_34' title="bbox 234 2431 1242 2470; baseline -0.002 0"><span class='ocrx_word' id='word_1_216' title='bbox 234 2432 306 2470; x_wconf 88' lang='lat' dir='ltr'><strong>Est</strong></span> <span class='ocrx_word' id='word_1_217' title='bbox 334 2439 373 2470; x_wconf 90' lang='lat' dir='ltr'><strong>et</strong></span> <span class='ocrx_word' id='word_1_218' title='bbox 402 2433 442 2469; x_wconf 93' lang='lat' dir='ltr'><strong>in</strong></span> <span class='ocrx_word' id='word_1_219' title='bbox 471 2432 548 2470; x_wconf 91' lang='lat' dir='ltr'><strong>hoc</strong></span> <span class='ocrx_word' id='word_1_220' title='bbox 577 2432 729 2470; x_wconf 92' lang='lat' dir='ltr'><strong>mundo</strong></span> <span class='ocrx_word' id='word_1_221' title='bbox 759 2432 814 2470; x_wconf 93' lang='lat' dir='ltr'><strong>sic</strong></span> <span class='ocrx_word' id='word_1_222' title='bbox 843 2431 1077 2470; x_wconf 88' lang='lat' dir='ltr'><strong>benedictus</strong></span> <span class='ocrx_word' id='word_1_223' title='bbox 1107 2432 1242 2469; x_wconf 89' lang='lat' dir='ltr'><strong>homo.</strong></span> 
     </span>
     <span class='ocr_line' id='line_1_35' title="bbox 235 2496 1233 2546; baseline -0.003 -11"><span class='ocrx_word' id='word_1_224' title='bbox 235 2496 371 2535; x_wconf 89' lang='lat' dir='ltr'><strong>Infiuit</strong></span> <span class='ocrx_word' id='word_1_225' title='bbox 400 2497 440 2534; x_wconf 92' lang='lat' dir='ltr'><strong>in</strong></span> <span class='ocrx_word' id='word_1_226' title='bbox 468 2497 561 2535; x_wconf 91' lang='lat' dir='ltr'><strong>cleri</strong></span> <span class='ocrx_word' id='word_1_227' title='bbox 590 2504 695 2536; x_wconf 89' lang='lat' dir='ltr'><strong>totus</strong></span> <span class='ocrx_word' id='word_1_228' title='bbox 725 2497 837 2546; x_wconf 90' lang='lat' dir='ltr'><strong>quasi</strong></span> <span class='ocrx_word' id='word_1_229' title='bbox 866 2497 1040 2535; x_wconf 90' lang='lat' dir='ltr'><strong>mundus</strong></span> <span class='ocrx_word' id='word_1_230' title='bbox 1071 2496 1233 2543; x_wconf 87' lang='lat' dir='ltr'><strong>hiatum,</strong></span> 
     </span>
     <span class='ocr_line' id='line_1_36' title="bbox 234 2563 1134 2612; baseline 0 -12"><span class='ocrx_word' id='word_1_231' title='bbox 234 2563 363 2611; x_wconf 88' lang='lat' dir='ltr'><strong>Inque</strong></span> <span class='ocrx_word' id='word_1_232' title='bbox 392 2575 480 2600; x_wconf 89' lang='lat' dir='ltr'><strong>suas</strong></span> <span class='ocrx_word' id='word_1_233' title='bbox 509 2563 642 2601; x_wconf 90' lang='lat' dir='ltr'><strong>fauces</strong></span> <span class='ocrx_word' id='word_1_234' title='bbox 665 2575 788 2601; x_wconf 86' lang='lat' dir='ltr'><strong>aurea</strong></span> <span class='ocrx_word' id='word_1_235' title='bbox 817 2575 974 2612; x_wconf 88' lang='lat' dir='ltr'><strong>queque</strong></span> <span class='ocrx_word' id='word_1_236' title='bbox 1003 2568 1134 2600; x_wconf 89' lang='lat' dir='ltr'><strong>vorat:</strong></span> 
     </span>
    </p>

    <p class='ocr_par' dir='ltr' id='par_1_17' title="bbox 232 2627 1331 2742">
     <span class='ocr_line' id='line_1_37' title="bbox 232 2627 1331 2677; baseline 0 -13"><span class='ocrx_word' id='word_1_237' title='bbox 232 2628 286 2665; x_wconf 91' lang='lat' dir='ltr'><strong>Vt</strong></span> <span class='ocrx_word' id='word_1_238' title='bbox 315 2633 448 2665; x_wconf 89' lang='lat' dir='ltr'><strong>tamen</strong></span> <span class='ocrx_word' id='word_1_239' title='bbox 478 2628 571 2666; x_wconf 90' lang='lat' dir='ltr'><strong>inde</strong></span> <span class='ocrx_word' id='word_1_240' title='bbox 600 2628 708 2666; x_wconf 92' lang='lat' dir='ltr'><strong>iuuet</strong></span> <span class='ocrx_word' id='word_1_241' title='bbox 737 2629 888 2677; x_wconf 89' lang='lat' dir='ltr'><strong>inopes,</strong></span> <span class='ocrx_word' id='word_1_242' title='bbox 920 2640 1000 2665; x_wconf 88' lang='lat' dir='ltr'><strong>non</strong></span> <span class='ocrx_word' id='word_1_243' title='bbox 1030 2627 1192 2676; x_wconf 87' lang='lat' dir='ltr'><strong>paruula</strong></span> <span class='ocrx_word' id='word_1_244' title='bbox 1221 2633 1331 2676; x_wconf 87' lang='lat' dir='ltr'><strong>gutta</strong></span> 
     </span>
     <span class='ocr_line' id='line_1_38' title="bbox 233 2691 1157 2742; baseline 0.001 -13"><span class='ocrx_word' id='word_1_245' title='bbox 233 2692 393 2737; x_wconf 89' lang='lat' dir='ltr'><strong>Refluit,</strong></span> <span class='ocrx_word' id='word_1_246' title='bbox 425 2692 547 2730; x_wconf 90' lang='lat' dir='ltr'><strong>immo</strong></span> <span class='ocrx_word' id='word_1_247' title='bbox 576 2699 693 2731; x_wconf 86' lang='lat' dir='ltr'><strong>tenax</strong></span> <span class='ocrx_word' id='word_1_248' title='bbox 721 2693 893 2742; x_wconf 87' lang='lat' dir='ltr'><strong>propriat</strong></span> <span class='ocrx_word' id='word_1_249' title='bbox 923 2704 1042 2731; x_wconf 88' lang='lat' dir='ltr'><strong>omne</strong></span> <span class='ocrx_word' id='word_1_250' title='bbox 1072 2691 1157 2730; x_wconf 90' lang='lat' dir='ltr'><strong>sibi.</strong></span> 
     </span>
    </p>

    <p class='ocr_par' dir='ltr' id='par_1_18' title="bbox 232 2755 1314 2872">
     <span class='ocr_line' id='line_1_39' title="bbox 232 2755 1314 2806; baseline -0.003 -10"><span class='ocrx_word' id='word_1_251' title='bbox 232 2758 282 2796; x_wconf 90' lang='lat' dir='ltr'><strong>Se</strong></span> <span class='ocrx_word' id='word_1_252' title='bbox 311 2757 422 2795; x_wconf 91' lang='lat' dir='ltr'><strong>dedit</strong></span> <span class='ocrx_word' id='word_1_253' title='bbox 450 2757 490 2793; x_wconf 89' lang='lat' dir='ltr'><strong>in</strong></span> <span class='ocrx_word' id='word_1_254' title='bbox 519 2758 694 2806; x_wconf 89' lang='lat' dir='ltr'><strong>precium</strong></span> <span class='ocrx_word' id='word_1_255' title='bbox 724 2757 875 2797; x_wconf 85' lang='lat' dir='ltr'><strong>Cristus</strong></span> <span class='ocrx_word' id='word_1_256' title='bbox 905 2769 975 2806; x_wconf 92' lang='lat' dir='ltr'><strong>pro</strong></span> <span class='ocrx_word' id='word_1_257' title='bbox 1005 2768 1168 2794; x_wconf 88' lang='lat' dir='ltr'><strong>munere</strong></span> <span class='ocrx_word' id='word_1_258' title='bbox 1196 2755 1314 2806; x_wconf 82' lang='lat' dir='ltr'><strong>plebi,</strong></span> 
     </span>
     <span class='ocr_line' id='line_1_40' title="bbox 234 2821 1105 2872; baseline -0.002 -12"><span class='ocrx_word' id='word_1_259' title='bbox 234 2822 319 2860; x_wconf 92' lang='lat' dir='ltr'><strong>Nos</strong></span> <span class='ocrx_word' id='word_1_260' title='bbox 348 2827 481 2859; x_wconf 86' lang='lat' dir='ltr'><strong>tamen</strong></span> <span class='ocrx_word' id='word_1_261' title='bbox 510 2821 649 2871; x_wconf 89' lang='lat' dir='ltr'><strong>ingrati</strong></span> <span class='ocrx_word' id='word_1_262' title='bbox 679 2829 811 2860; x_wconf 89' lang='lat' dir='ltr'><strong>nostra</strong></span> <span class='ocrx_word' id='word_1_263' title='bbox 840 2834 1029 2872; x_wconf 86' lang='lat' dir='ltr'><strong>negamus</strong></span> <span class='ocrx_word' id='word_1_264' title='bbox 1059 2821 1105 2858; x_wconf 89' lang='lat' dir='ltr'><strong>ei.</strong></span> 
     </span>
    </p>
   </div>
   <div class='ocr_carea' id='block_1_4' title="bbox 1531 227 1605 265">
    <p class='ocr_par' dir='ltr' id='par_1_19' title="bbox 1531 227 1605 265">
     <span class='ocr_line' id='line_1_41' title="bbox 1531 227 1605 265; baseline 0 -12"><span class='ocrx_word' id='word_1_265' title='bbox 1531 227 1605 265; x_wconf 87' lang='lat'><strong>127</strong></span> 
     </span>
    </p>
   </div>
   <div class='ocr_carea' id='block_1_5' title="bbox 1540 754 1603 790">
    <p class='ocr_par' dir='ltr' id='par_1_20' title="bbox 1540 754 1603 790">
     <span class='ocr_line' id='line_1_42' title="bbox 1540 754 1603 790; baseline -0.016 0"><span class='ocrx_word' id='word_1_266' title='bbox 1540 754 1603 790; x_wconf 83' lang='lat'><strong>740</strong></span> 
     </span>
    </p>
   </div>
   <div class='ocr_carea' id='block_1_6' title="bbox 1537 1405 1600 1439">
    <p class='ocr_par' dir='ltr' id='par_1_21' title="bbox 1537 1405 1600 1439">
     <span class='ocr_line' id='line_1_43' title="bbox 1537 1405 1600 1439; baseline 0 0"><span class='ocrx_word' id='word_1_267' title='bbox 1537 1405 1600 1439; x_wconf 84' lang='lat'><strong>750</strong></span> 
     </span>
    </p>
   </div>
   <div class='ocr_carea' id='block_1_7' title="bbox 1532 2048 1596 2090">
    <p class='ocr_par' dir='ltr' id='par_1_22' title="bbox 1532 2048 1596 2090">
     <span class='ocr_line' id='line_1_44' title="bbox 1532 2048 1596 2090; baseline -0.016 -10"><span class='ocrx_word' id='word_1_268' title='bbox 1532 2048 1596 2090; x_wconf 84' lang='lat'><strong>760</strong></span> 
     </span>
    </p>
   </div>
   <div class='ocr_carea' id='block_1_8' title="bbox 1526 2705 1589 2741">
    <p class='ocr_par' dir='ltr' id='par_1_23' title="bbox 1526 2705 1589 2741">
     <span class='ocr_line' id='line_1_45' title="bbox 1526 2705 1589 2741; baseline 0.016 -1"><span class='ocrx_word' id='word_1_269' title='bbox 1526 2705 1589 2741; x_wconf 82' lang='lat'><strong>770</strong></span> 
     </span>
    </p>
   </div>
  </div>
 </body>
</html>
