2095 3173
875 209 1004 250 VOX
1045 208 1403 251 CLAMANTIS

516 318 622 356 Cum
651 317 757 355 furor
785 316 955 354 accinxit
985 315 1089 353 vrbis
1117 322 1327 364 Vtrumque
1356 314 1480 352 latus:
1811 328 1879 362 920

519 382 743 420 Precedens
772 382 869 419 alios
899 381 1143 429 Capitaneus
1172 381 1315 417 excitat
1343 392 1444 417 vnus

518 449 717 494 Rusticus,
748 454 789 484 vt
817 446 949 483 cuncti
980 452 1318 495 consequerentur
1346 457 1448 483 eum.

519 514 610 562 Ipse
641 513 729 550 viris
758 511 893 548 multis
922 511 1112 560 prefultus
1142 510 1310 548 conterit
1338 509 1487 556 vrbem,

520 579 627 616 Ense
656 583 771 615 necat
799 577 918 623 ciues,
950 582 1177 615 concremat
1207 576 1296 626 igne
1325 576 1492 614 domos:

520 644 613 681 Non
644 643 752 680 solus
782 642 936 689 cecinit,
967 648 1026 680 set
1056 654 1192 680 secum
1221 641 1328 678 milia
1357 641 1480 687 traxit,

520 708 775 757 Involuitque
806 708 911 746 malo
940 707 1047 745 milia
1076 708 1200 745 multa
1229 720 1325 755 suo,

520 773 682 823 Colligit
711 785 756 811 os
785 772 934 811 rabiem
966 785 1141 822 seueque
1170 773 1359 822 cupidine
1388 772 1497 810 cedis

520 838 694 877 Auribus
724 838 764 876 in
794 838 898 888 vulgi
927 838 1113 884 concinit,
1148 839 1255 885 ‘Vre,
1287 838 1381 876 feri.’

521 905 613 953 Que
641 904 704 942 via
733 904 842 941 salua
870 903 953 949 fuit,
983 903 1074 941 furit
1104 902 1261 953 ignibus
1291 903 1526 952 impetuosa,

522 971 615 1019 Quo
644 970 807 1019 longum
837 976 1009 1007 castrum
1039 969 1187 1007 ductile
1216 968 1342 1007 nescit
1371 968 1467 1015 iter3
1817 981 1884 1015 930

520 1036 779 1085 Baptisteque
808 1035 963 1082 domus,
996 1047 1144 1084 sponso
1173 1034 1344 1080 viduata,
1376 1046 1446 1083 per
1475 1045 1611 1072 ensem

522 1101 691 1149 Corruit,
722 1107 761 1139 et
790 1101 959 1139 flammis
989 1113 1082 1139 mox
1109 1100 1182 1138 fuit
1211 1100 1276 1137 illa
1305 1099 1403 1137 cinis
1419 1112 1429 1146 3

522 1165 758 1217 Flagrabant
787 1174 924 1205 sancte
953 1166 1150 1204 sceleratis
1180 1164 1340 1215 ignibus
1370 1164 1476 1211 edes,

522 1233 729 1282 Mixtaque
758 1232 802 1270 fit
832 1232 991 1270 flamme
1020 1232 1179 1269 flamma
1207 1236 1393 1280 proterua
1421 1229 1496 1279 pie.

523 1298 694 1336 Attoniti
724 1296 873 1335 flebant
902 1297 1057 1346 trepido
1087 1297 1139 1335 de
1167 1296 1288 1334 corde
1317 1295 1495 1341 ministri,

524 1363 752 1402 Abstulerat
780 1363 881 1401 vires
910 1363 1084 1412 corporis
1114 1362 1198 1411 ipse
1227 1362 1356 1399 timor.

579 1429 659 1478 Qui
688 1429 769 1467 fera
798 1428 959 1466 terribili
990 1428 1182 1466 iaculatur
1210 1427 1377 1465 fulmina
1405 1426 1555 1473 dextra,

526 1495 645 1533 Iussit
674 1501 713 1532 vt
744 1495 833 1543 igne
862 1494 977 1544 polus
1006 1499 1188 1543 torqueat
1217 1492 1324 1530 orbis
1355 1492 1535 1529 humum.

524 1562 564 1599 Si
594 1573 673 1610 qua
701 1560 845 1598 domus
875 1559 1019 1597 mansit
1048 1565 1282 1609 poteratque
1311 1558 1491 1596 resistere
1520 1563 1631 1594 tanto

526 1625 732 1664 Indeiecta
761 1624 877 1670 malo,
910 1624 978 1662 dat
1007 1624 1071 1674 pia
1099 1630 1191 1662 vota
1220 1623 1310 1661 deo.
1822 1637 1888 1668 940

525 1692 597 1729 Est
627 1690 748 1728 nichil
777 1696 817 1728 vt
846 1702 1009 1740 queram
1038 1689 1250 1728 dominans
1280 1688 1311 1726 si
1341 1687 1479 1736 vulgus
1508 1687 1549 1724 in
1580 1684 1683 1725 vrbis

525 1757 653 1806 Spirat
682 1767 778 1805 opes
808 1761 847 1793 et
876 1767 924 1793 eo
954 1761 1132 1804 tempore
1161 1754 1262 1791 furta
1291 1759 1426 1802 parat:

525 1823 579 1859 Vt
608 1821 732 1859 multe
760 1820 892 1870 gracili
921 1827 1074 1858 terrena
1104 1819 1178 1857 sub
1208 1819 1347 1857 horrea
1375 1818 1475 1856 ferre

528 1887 670 1925 Limite
700 1886 862 1924 formice
891 1898 1010 1935 grana
1039 1891 1191 1935 reperta
1220 1885 1359 1931 solent,

526 1953 591 1991 Sic
620 1952 727 1990 vehit
757 1963 922 1989 examen
952 1951 1139 1988 furiarum
1169 1950 1269 1988 furta
1298 1961 1367 1999 per
1396 1947 1546 1995 vrbem,

527 2019 615 2057 Nec
643 2018 745 2056 valet
775 2018 815 2055 in
845 2029 1011 2055 numero
1041 2016 1128 2066 quis
1157 2016 1320 2054 recitare
1348 2015 1492 2053 forum.

529 2084 610 2121 Hic
639 2090 758 2130 tenet,
790 2083 864 2120 iste
892 2081 1020 2128 trahit,
1052 2082 1158 2119 stetit
1187 2081 1251 2119 ille
1281 2093 1358 2130 que
1387 2079 1524 2118 circuit
1553 2079 1660 2126 alter,

528 2149 591 2186 Fit
619 2148 699 2186 cito
717 2159 798 2196 'per
826 2147 970 2184 multas
999 2147 1202 2195 predaque
1231 2147 1332 2184 lecta
1362 2158 1514 2183 manus.

528 2215 619 2252 Hos
650 2214 807 2251 Bachus
836 2212 1034 2261 attingens
1060 2211 1222 2249 tandem
1252 2211 1457 2260 precordia
1488 2211 1581 2248 vino

529 2279 680 2326 Mersit,
713 2285 751 2316 et
780 2278 820 2315 in
850 2277 970 2315 finem
1000 2277 1192 2315 clauserat
1220 2276 1306 2325 ipse
1338 2277 1503 2314 Iouem:
1825 2290 1892 2323 950

529 2346 621 2382 Nox
650 2350 742 2391 erat,
773 2350 812 2382 et
840 2343 941 2380 vinis
970 2342 1075 2380 oculi
1104 2348 1340 2390 mentesque
1370 2339 1572 2387 natabant,

530 2408 715 2448 Membra
743 2414 920 2455 mouent,
953 2419 1027 2445 nec
1056 2406 1204 2444 habent
1234 2419 1314 2456 quo
1344 2406 1418 2444 sibi
1448 2406 1546 2444 ferre
1575 2405 1708 2455 pedes.

585 2476 748 2513 Postera
777 2474 953 2512 sidereos
983 2474 1136 2510 Aurora
1164 2472 1368 2521 fugauerat
1398 2471 1519 2521 ignes,

532 2540 595 2577 En
625 2540 739 2578 dolor
768 2550 997 2577 excrescens
1026 2538 1104 2575 iam
1135 2549 1241 2575 noua
1269 2537 1444 2586 dampna
1473 2542 1596 2586 parat.

531 2606 572 2643 Si
601 2605 707 2655 prius
737 2605 792 2642 ira
822 2604 931 2642 Iouis
961 2603 1097 2642 nocuit
1126 2603 1309 2650 violenta,
1341 2608 1553 2651 sequenter

533 2671 647 2708 Mota
676 2671 814 2708 Venus
844 2669 967 2719 duplo
997 2669 1098 2706 facta
1127 2668 1266 2706 suroris
1295 2667 1386 2716 agit.

534 2735 770 2773 Discurrunt
799 2735 919 2784 agiles
948 2735 1056 2781 furie,
1088 2733 1200 2784 quasi
1229 2733 1357 2782 fulgur
1385 2732 1436 2770 ab
1464 2738 1598 2770 austro
1613 2745 1624 2780 3

467 2831 534 2862 920
556 2826 735 2860 vtrumque
751 2821 855 2862 latus]
873 2821 994 2861 vbique
1007 2820 1082 2852 loca
1100 2820 1130 2851 D
1235 2829 1299 2860 947
1323 2818 1434 2860 stetit]
1453 2819 1542 2860 rapit
1559 2819 1590 2849 D
1699 2817 1765 2858 948
1788 2817 1892 2858 preda

425 2878 557 2915 peracta
575 2873 605 2904 D
737 2882 802 2912 953
825 2873 904 2913 igne
920 2873 945 2905 S
