2912 4368
890 850 1075 889 LIBER
1115 850 1355 890 SEXTUS

507 957 602 1003 Rex,
636 957 685 993 ita
717 958 746 994 si
778 957 899 1006 fugias
930 958 1119 994 viciorum
1149 957 1334 1005 pondera,
1368 969 1494 994 mores

252 1457 379 1505 'Tap‘sk
404 1458 480 1496 xiii.

440 3508 643 3538 expugnans
675 3498 698 3528 S

442 3558 459 3573 κ
472 3558 486 3573 ns
496 3556 511 3573 ῆι
521 3556 537 3574 ¹⁸

525 2048 610 2083 Nec
641 2047 729 2083 sinit
759 2048 897 2083 vrticas
928 2046 1216 2083 commaculare
1246 2059 1396 2083 rosam:

527 2177 588 2212 De
618 2176 721 2223 largo
751 2176 869 2213 corde
900 2176 939 2212 fit
970 2175 1041 2212 sibi
1073 2176 1173 2223 larga
1205 2188 1366 2212 manus:

527 2306 577 2342 Et
608 2304 680 2342 sibi
710 2306 919 2342 commisse
949 2318 1131 2353 prospera
1163 2306 1286 2353 plebis
1316 2306 1404 2354 agit.

529 2436 674 2474 Omnia
704 2442 793 2472 sunt
824 2436 968 2472 meritis
999 2447 1064 2472 ora
1094 2436 1244 2471 minora
1274 2436 1375 2472 suis:

265 2821 268 2878 l
537 2825 653 2861 Vnde
684 2825 835 2873 subegit
866 2838 950 2861 eam
982 2825 1030 2862 de
1060 2824 1263 2873 probitate,
1295 2825 1415 2861 timet.

541 2955 666 2999 Irruit,
700 2962 736 2991 et
766 2956 907 3003 rumpit
939 2967 1046 2992 more
1075 2955 1199 2992 leonis
1229 2955 1325 2991 iter:

542 3021 594 3055 Yt
624 3020 736 3067 lupus
769 3020 849 3067 ipse
879 3020 981 3056 fame
1012 3020 1164 3056 strictus
1195 3018 1380 3066 dispergit
1411 3018 1525 3063 ouile‚

543 3085 630 3119 Hos
661 3085 809 3131 premit,
843 3084 913 3120 hos
943 3084 1106 3132 perimit,
1140 3084 1211 3120 hos
1242 3090 1346 3119 secat
1375 3083 1527 3129 hosque
1559 3087 1681 3118 necat.

542 3148 702 3184 Sobrius
733 3148 769 3183 in
799 3149 915 3196 gestis
945 3161 1098 3196 semper
1128 3149 1196 3185 fuit
1228 3148 1300 3193 ille,
1333 3153 1391 3183 set
1421 3147 1542 3183 hostis

543 3213 738 3260 Sanguine
769 3225 859 3260 sepe
890 3226 981 3250 suus
1011 3214 1141 3251 ebrius
1172 3214 1274 3250 ensis
1305 3219 1407 3249 erat:

546 3280 695 3325 Pugnat
726 3286 761 3313 et
793 3278 994 3326 impugnat
1023 3290 1248 3327 expugnans
1278 3277 1414 3313 acriter
1444 3276 1585 3320 hostes,

482 3396 562 3434 Cap.
582 3394 638 3423 xiii
668 3393 824 3432 Hmdmg
840 3405 857 3431 4
876 3399 1053 3424 cxcerceat
1071 3394 1096 3423 C
1144 3393 1312 3424 excerciat
1332 3392 1356 3421 L

482 3457 546 3486 945
580 3447 711 3485 Pugnat
744 3452 777 3474 ct
808 3446 979 3483 impugnat
1011 3455 1210 3484 expugnans
1252 3444 1372 3474 CEDL

508 1022 558 1057 Et
589 1029 732 1068 teneas,
765 1023 908 1071 poteris
940 1023 1129 1071 quicquid
1159 1022 1302 1059 habere
1332 1022 1436 1060 velis.

448 1150 524 1184 Hic
543 1152 724 1195 loquitur
744 1155 784 1186 et
802 1154 920 1196 ponit
938 1153 1158 1195 magnifico
1177 1154 1259 1187 iam
1279 1152 1366 1195 regi
1384 1154 1532 1187 nostro
1559 1151 1704 1185 Inueni
1727 1161 1858 1194 nuper

402 1209 668 1243 Serenissimi
702 1211 905 1253 Principis
932 1211 1064 1254 patris
1091 1212 1155 1244 sui
1182 1211 1383 1254 exempla,
1410 1210 1552 1244 dicens
1578 1210 1696 1253 quod,
1722 1211 1792 1243 vbi
1820 1211 1861 1244 et

402 1269 567 1309 quando
588 1269 853 1303 necessitatis
872 1270 970 1303 illud
989 1270 1120 1312 exigit
1140 1270 1335 1309 facultas,
1350 1279 1423 1302 rex
1439 1270 1588 1302 eontra
1602 1279 1701 1302 suos
1714 1268 1861 1302 hostes

404 1335 609 1360 armorum
640 1328 874 1370 probitates
900 1328 1098 1361 audacter
1125 1330 1329 1367 exerceat,
1358 1328 1399 1360 et
1425 1326 1532 1369 quod
1558 1327 1626 1361 ille
1652 1327 1767 1361 nulla
1798 1326 1863 1360 ad·

403 1384 607 1419 uersitate
626 1386 912 1420 constanciam
932 1387 995 1419 sui
1014 1387 1155 1420 vultus
1174 1386 1413 1419 videntibus
1432 1386 1526 1419 aliis
1547 1385 1727 1419 amittat.

567 1462 637 1498 Est
667 1461 747 1507 tibi,
781 1474 855 1502 rex,
891 1462 1007 1507 aliud,
1040 1462 1147 1510 quod
1179 1462 1229 1498 sis
1255 1461 1438 1498 defensor
1469 1461 1507 1497 in
1538 1461 1654 1497 armis

516 1526 673 1573 PlebiSJ
712 1534 748 1563 et
779 1534 817 1563 vt
848 1528 928 1564 iura
958 1528 1007 1564 de
1038 1527 1230 1575 probitate
1261 1533 1377 1574 tegas,

517 1592 649 1628 Huius
681 1593 718 1628 in
750 1593 972 1641 exemplum
1005 1593 1251 1629 reminiscere
1281 1592 1379 1627 sacta
1411 1598 1580 1639 paterna,

519 1657 641 1694 Cuius
671 1658 800 1694 adhuc
831 1658 991 1703 vigilans
1022 1658 1103 1694 laus
1134 1656 1372 1704 vbicumque
1403 1663 1527 1693 sonat.
1803 1671 1868 1702 920

522 1722 749 1770 Numquam
781 1723 829 1759 de
859 1729 957 1759 terra
987 1734 1133 1759 nomen
1164 1720 1358 1759 delebitur
1387 1722 1480 1767 eius,

522 1787 742 1824 Precellunt
772 1787 887 1823 armis
921 1787 1105 1823 Hectoris
1136 1799 1242 1823 arma
1272 1800 1364 1833 sua3

522 1852 650 1900 Inque
681 1865 788 1888 suam
820 1853 975 1889 laudem
1006 1864 1083 1900 que
1112 1858 1219 1888 tuam
1250 1864 1335 1888 mea
1366 1852 1506 1899 scripta
1535 1850 1707 1896 reuolue,

522 1918 573 1953 Vt
605 1917 797 1965 probitate
828 1930 977 1954 memor
1008 1917 1054 1953 sit
1084 1916 1153 1953 tibi
1184 1917 1300 1964 patris
1331 1917 1467 1953 honor.

526 1983 656 2019 Iustus
688 1990 766 2019 crat
798 1983 927 2027 iustos,
962 1981 1106 2030 probus
1137 1982 1241 2018 vnde
1271 1981 1415 2029 probos
1448 1981 1521 2018 sibi
1551 1981 1654 2029 legit,

525 2111 700 2147 Confluit
731 2111 768 2146 in
801 2111 914 2147 donis
946 2123 1024 2147 non
1056 2123 1169 2158 parce
1200 2111 1303 2147 (lona
1336 2110 1510 2155 merenti,

527 2242 667 2278 Extera
698 2241 885 2289 depredat
916 2242 1011 2285 loca,
1044 2248 1101 2277 set
1132 2253 1199 2277 sua
1231 2241 1382 2289 propria
1413 2246 1551 2286 seruat,

1814 2317 1878 2350 930

530 2372 624 2407 Eius
656 2372 759 2407 enim
791 2372 926 2408 laudes
957 2372 986 2407 si
1018 2383 1088 2407 nos
1119 2371 1364 2407 cantabimus
1396 2382 1546 2416 omnes,

531 2501 649 2537 Nulla
679 2513 790 2536 suum
824 2501 1002 2537 meritum
1034 2500 1175 2547 poterit
1205 2500 1465 2547 complectere
1495 2498 1608 2544 fama,

532 2566 619 2601 Vox
650 2565 777 2601 minor
807 2572 863 2601 cst
894 2565 1021 2601 omnis
1053 2565 1167 2601 laude
1197 2564 1355 2601 ferenda
1386 2576 1464 2600 sua.

533 2631 585 2666 Vt
615 2629 805 2666 breuitate
836 2630 980 2677 loquar,
1014 2636 1143 2666 tantus
1173 2630 1353 2677 princeps
1384 2629 1454 2665 fuit
1484 2628 1557 2673 ille,

536 2695 785 2731 Laudantum
817 2695 956 2742 poterit
987 2702 1154 2742 quantus
1185 2693 1234 2731 ab
1265 2707 1330 2731 ore
1361 2694 1457 2730 cani.

594 2760 753 2795 Francia
785 2760 899 2796 sentit
930 2772 1031 2805 eum,
1064 2761 1238 2796 recolens
1271 2758 1492 2807 Hispannia
1524 2758 1630 2803 vires,

539 2888 719 2926 Turbans
750 2889 908 2926 hostiles
940 2897 1085 2926 turmas
1116 2890 1348 2938 mediosque
1378 2901 1445 2937 per
1475 2888 1606 2925 hostes

1823 2966 1888 2999 940

1442 3443 1597 3481 Pungnat
1630 3448 1663 3473 et
1695 3444 1895 3483 impungnat

790 3497 946 3534 Pungnat
972 3502 1003 3527 et
1028 3498 1226 3537 impungnat
1250 3506 1475 3535 expungnans
1503 3495 1599 3526 HGT

1154 3563 1171 3589 S
