<?xml version="1.0" encoding="UTF-8"?>
<!DOCTYPE html PUBLIC "-//W3C//DTD XHTML 1.0 Transitional//EN"
    "http://www.w3.org/TR/xhtml1/DTD/xhtml1-transitional.dtd">
<html xmlns="http://www.w3.org/1999/xhtml" xml:lang="en" lang="en">
 <head>
  <title>
</title>
<meta http-equiv="Content-Type" content="text/html;charset=utf-8" />
  <meta name='ocr-system' content='tesseract 3.04.00' />
  <meta name='ocr-capabilities' content='ocr_page ocr_carea ocr_par ocr_line ocrx_word'/>
</head>
<body>
  <div class='ocr_page' id='page_1' title='image "./completeworksofj04gowe_0336.png"; bbox 0 0 2095 3173; ppageno 0'>
   <div class='ocr_carea' id='block_1_1' title="bbox 443 239 523 278">
    <p class='ocr_par' dir='ltr' id='par_1_1' title="bbox 443 239 523 278">
     <span class='ocr_line' id='line_1_1' title="bbox 443 239 523 278; baseline 0 -13"><span class='ocrx_word' id='word_1_1' title='bbox 443 239 523 278; x_wconf 85' lang='lat'>232</span> 
     </span>
    </p>
   </div>
   <div class='ocr_carea' id='block_1_2' title="bbox 497 2832 1406 2873">
    <p class='ocr_par' dir='ltr' id='par_1_2' title="bbox 497 2832 1406 2873">
     <span class='ocr_line' id='line_1_2' title="bbox 497 2832 1406 2873; baseline -0.001 -10"><span class='ocrx_word' id='word_1_2' title='bbox 497 2834 538 2872; x_wconf 86' lang='lat'>65</span> <span class='ocrx_word' id='word_1_3' title='bbox 577 2833 686 2872; x_wconf 87' lang='lat' dir='ltr'>gignit</span> <span class='ocrx_word' id='word_1_4' title='bbox 716 2833 839 2864; x_wconf 88' lang='lat' dir='ltr'>CEDL</span> <span class='ocrx_word' id='word_1_5' title='bbox 906 2833 1040 2873; x_wconf 88' lang='lat' dir='ltr'>gingnit</span> <span class='ocrx_word' id='word_1_6' title='bbox 1072 2832 1168 2864; x_wconf 85' lang='lat' dir='ltr'>SHG</span> <span class='ocrx_word' id='word_1_7' title='bbox 1235 2832 1346 2872; x_wconf 82' lang='lat' dir='ltr'>gingit</span> <span class='ocrx_word' id='word_1_8' title='bbox 1377 2832 1406 2862; x_wconf 89' lang='lat' dir='ltr'><strong>T</strong></span> 
     </span>
    </p>
   </div>
   <div class='ocr_carea' id='block_1_3' title="bbox 914 225 1447 266">
    <p class='ocr_par' dir='ltr' id='par_1_3' title="bbox 914 225 1447 266">
     <span class='ocr_line' id='line_1_3' title="bbox 914 225 1447 266; baseline 0 -1"><span class='ocrx_word' id='word_1_9' title='bbox 914 225 1045 266; x_wconf 92' lang='lat' dir='ltr'>VOX</span> <span class='ocrx_word' id='word_1_10' title='bbox 1087 225 1447 266; x_wconf 87' lang='lat' dir='ltr'><strong>CLAMANTIS</strong></span> 
     </span>
    </p>
   </div>
   <div class='ocr_carea' id='block_1_4' title="bbox 551 331 1671 2534">
    <p class='ocr_par' dir='ltr' id='par_1_4' title="bbox 551 331 1671 2534">
     <span class='ocr_line' id='line_1_4' title="bbox 554 331 1642 384; baseline -0.004 -12"><span class='ocrx_word' id='word_1_11' title='bbox 554 334 715 384; x_wconf 84' lang='lat' dir='ltr'>Singula</span> <span class='ocrx_word' id='word_1_12' title='bbox 743 345 821 383; x_wconf 89' lang='lat' dir='ltr'>que</span> <span class='ocrx_word' id='word_1_13' title='bbox 850 340 950 370; x_wconf 89' lang='lat' dir='ltr'>terra</span> <span class='ocrx_word' id='word_1_14' title='bbox 979 331 1085 369; x_wconf 91' lang='lat' dir='ltr'>bona</span> <span class='ocrx_word' id='word_1_15' title='bbox 1113 331 1246 380; x_wconf 87' lang='lat' dir='ltr'>gignit,</span> <span class='ocrx_word' id='word_1_16' title='bbox 1277 337 1316 369; x_wconf 91' lang='lat' dir='ltr'>et</span> <span class='ocrx_word' id='word_1_17' title='bbox 1345 331 1454 369; x_wconf 87' lang='lat' dir='ltr'>ether</span> <span class='ocrx_word' id='word_1_18' title='bbox 1483 331 1522 368; x_wconf 90' lang='lat' dir='ltr'>in</span> <span class='ocrx_word' id='word_1_19' title='bbox 1551 331 1642 378; x_wconf 91' lang='lat' dir='ltr'>alto,</span> 
     </span>
     <span class='ocr_line' id='line_1_5' title="bbox 553 395 1452 445; baseline -0.004 -8"><span class='ocrx_word' id='word_1_20' title='bbox 553 401 631 438; x_wconf 86' lang='lat' dir='ltr'>Seu</span> <span class='ocrx_word' id='word_1_21' title='bbox 661 410 778 444; x_wconf 89' lang='lat' dir='ltr'>mare,</span> <span class='ocrx_word' id='word_1_22' title='bbox 811 397 861 435; x_wconf 93' lang='lat' dir='ltr'>de</span> <span class='ocrx_word' id='word_1_23' title='bbox 890 397 999 435; x_wconf 92' lang='lat' dir='ltr'>dono</span> <span class='ocrx_word' id='word_1_24' title='bbox 1029 396 1156 445; x_wconf 90' lang='lat' dir='ltr'>querit</span> <span class='ocrx_word' id='word_1_25' title='bbox 1185 395 1330 434; x_wconf 89' lang='lat' dir='ltr'>habere</span> <span class='ocrx_word' id='word_1_26' title='bbox 1358 402 1452 443; x_wconf 89' lang='lat' dir='ltr'>tuo3</span> 
     </span>
     <span class='ocr_line' id='line_1_6' title="bbox 555 461 1598 511; baseline -0.004 -9"><span class='ocrx_word' id='word_1_27' title='bbox 555 465 615 502; x_wconf 89' lang='lat' dir='ltr'>Ex</span> <span class='ocrx_word' id='word_1_28' title='bbox 643 464 753 502; x_wconf 90' lang='lat' dir='ltr'>omni</span> <span class='ocrx_word' id='word_1_29' title='bbox 783 468 903 511; x_wconf 89' lang='lat' dir='ltr'>parte,</span> <span class='ocrx_word' id='word_1_30' title='bbox 935 462 991 499; x_wconf 88' lang='lat' dir='ltr'>sic</span> <span class='ocrx_word' id='word_1_31' title='bbox 1021 468 1121 510; x_wconf 88' lang='lat' dir='ltr'>post,</span> <span class='ocrx_word' id='word_1_32' title='bbox 1153 461 1209 499; x_wconf 86' lang='lat' dir='ltr'>sic</span> <span class='ocrx_word' id='word_1_33' title='bbox 1238 467 1451 510; x_wconf 87' lang='lat' dir='ltr'>congregat</span> <span class='ocrx_word' id='word_1_34' title='bbox 1480 467 1573 499; x_wconf 89' lang='lat' dir='ltr'>ante</span> <span class='ocrx_word' id='word_1_35' title='bbox 1588 475 1598 509; x_wconf 91' lang='lat'><em>3</em></span> 
     </span>
     <span class='ocr_line' id='line_1_7' title="bbox 555 526 1588 576; baseline -0.004 -9"><span class='ocrx_word' id='word_1_36' title='bbox 555 531 663 567; x_wconf 86' lang='lat' dir='ltr'>Dum</span> <span class='ocrx_word' id='word_1_37' title='bbox 693 535 827 566; x_wconf 89' lang='lat' dir='ltr'>tamen</span> <span class='ocrx_word' id='word_1_38' title='bbox 856 539 977 565; x_wconf 91' lang='lat' dir='ltr'>omne</span> <span class='ocrx_word' id='word_1_39' title='bbox 1004 527 1119 576; x_wconf 88' lang='lat' dir='ltr'>capit,</span> <span class='ocrx_word' id='word_1_40' title='bbox 1152 526 1207 563; x_wconf 93' lang='lat' dir='ltr'>nil</span> <span class='ocrx_word' id='word_1_41' title='bbox 1235 526 1307 564; x_wconf 91' lang='lat' dir='ltr'>tibi</span> <span class='ocrx_word' id='word_1_42' title='bbox 1336 534 1438 564; x_wconf 89' lang='lat' dir='ltr'>retro</span> <span class='ocrx_word' id='word_1_43' title='bbox 1467 526 1588 565; x_wconf 88' lang='lat' dir='ltr'>dabit.</span> 
     </span>
     <span class='ocr_line' id='line_1_8' title="bbox 610 591 1661 641; baseline -0.001 -10"><span class='ocrx_word' id='word_1_44' title='bbox 610 595 702 631; x_wconf 91' lang='lat' dir='ltr'>Non</span> <span class='ocrx_word' id='word_1_45' title='bbox 734 605 812 631; x_wconf 84' lang='lat' dir='ltr'>vno</span> <span class='ocrx_word' id='word_1_46' title='bbox 840 593 1018 631; x_wconf 88' lang='lat' dir='ltr'>volucres</span> <span class='ocrx_word' id='word_1_47' title='bbox 1048 593 1192 641; x_wconf 90' lang='lat' dir='ltr'>laqueo</span> <span class='ocrx_word' id='word_1_48' title='bbox 1221 598 1280 630; x_wconf 90' lang='lat' dir='ltr'>set</span> <span class='ocrx_word' id='word_1_49' title='bbox 1310 591 1486 641; x_wconf 85' lang='lat' dir='ltr'>pluribus</span> <span class='ocrx_word' id='word_1_50' title='bbox 1515 604 1661 641; x_wconf 84' lang='lat' dir='ltr'>auceps</span> 
     </span>
     <span class='ocr_line' id='line_1_9' title="bbox 553 656 1479 708; baseline -0.004 -10"><span class='ocrx_word' id='word_1_51' title='bbox 553 659 701 708; x_wconf 86' lang='lat' dir='ltr'>Carpit,</span> <span class='ocrx_word' id='word_1_52' title='bbox 733 671 807 696; x_wconf 92' lang='lat' dir='ltr'>nec</span> <span class='ocrx_word' id='word_1_53' title='bbox 837 658 964 707; x_wconf 85' lang='lat' dir='ltr'>pisces</span> <span class='ocrx_word' id='word_1_54' title='bbox 994 658 1131 695; x_wconf 89' lang='lat' dir='ltr'>vnicus</span> <span class='ocrx_word' id='word_1_55' title='bbox 1161 657 1301 695; x_wconf 89' lang='lat' dir='ltr'>hamus</span> <span class='ocrx_word' id='word_1_56' title='bbox 1332 656 1451 695; x_wconf 89' lang='lat' dir='ltr'>habet</span> <span class='ocrx_word' id='word_1_57' title='bbox 1468 671 1479 705; x_wconf 86' lang='lat'><em>3</em></span> 
     </span>
     <span class='ocr_line' id='line_1_10' title="bbox 555 723 1603 772; baseline -0.004 -9"><span class='ocrx_word' id='word_1_58' title='bbox 555 726 637 764; x_wconf 87' lang='lat' dir='ltr'>Lex</span> <span class='ocrx_word' id='word_1_59' title='bbox 666 725 706 762; x_wconf 92' lang='lat' dir='ltr'>in</span> <span class='ocrx_word' id='word_1_60' title='bbox 736 737 818 762; x_wconf 92' lang='lat' dir='ltr'>non</span> <span class='ocrx_word' id='word_1_61' title='bbox 848 724 953 772; x_wconf 87' lang='lat' dir='ltr'>leges</span> <span class='ocrx_word' id='word_1_62' title='bbox 983 723 1062 760; x_wconf 89' lang='lat' dir='ltr'>iarn</span> <span class='ocrx_word' id='word_1_63' title='bbox 1091 728 1348 760; x_wconf 88' lang='lat' dir='ltr'>transmutata</span> <span class='ocrx_word' id='word_1_64' title='bbox 1379 734 1452 760; x_wconf 92' lang='lat' dir='ltr'>nec</span> <span class='ocrx_word' id='word_1_65' title='bbox 1481 735 1603 760; x_wconf 90' lang='lat' dir='ltr'>vnum</span> 
     </span>
     <span class='ocr_line' id='line_1_11' title="bbox 554 787 1454 837; baseline -0.002 -9"><span class='ocrx_word' id='word_1_66' title='bbox 554 790 696 837; x_wconf 86' lang='lat' dir='ltr'>Rethe,</span> <span class='ocrx_word' id='word_1_67' title='bbox 729 796 786 828; x_wconf 88' lang='lat' dir='ltr'>set</span> <span class='ocrx_word' id='word_1_68' title='bbox 815 789 856 826; x_wconf 90' lang='lat' dir='ltr'>in</span> <span class='ocrx_word' id='word_1_69' title='bbox 885 789 1037 826; x_wconf 89' lang='lat' dir='ltr'>lucrum</span> <span class='ocrx_word' id='word_1_70' title='bbox 1067 788 1170 825; x_wconf 87' lang='lat' dir='ltr'>recia</span> <span class='ocrx_word' id='word_1_71' title='bbox 1198 787 1305 825; x_wconf 89' lang='lat' dir='ltr'>mille</span> <span class='ocrx_word' id='word_1_72' title='bbox 1334 794 1454 836; x_wconf 89' lang='lat' dir='ltr'>parat.</span> 
     </span>
     <span class='ocr_line' id='line_1_12' title="bbox 554 853 1671 904; baseline -0.002 -12"><span class='ocrx_word' id='word_1_73' title='bbox 554 856 744 904; x_wconf 82' lang='lat' dir='ltr'>Vndique</span> <span class='ocrx_word' id='word_1_74' title='bbox 772 866 886 892; x_wconf 87' lang='lat' dir='ltr'>casus</span> <span class='ocrx_word' id='word_1_75' title='bbox 915 853 1027 891; x_wconf 89' lang='lat' dir='ltr'>adest</span> <span class='ocrx_word' id='word_1_76' title='bbox 1056 853 1162 903; x_wconf 90' lang='lat' dir='ltr'>legis,</span> <span class='ocrx_word' id='word_1_77' title='bbox 1195 865 1275 901; x_wconf 92' lang='lat' dir='ltr'>quo</span> <span class='ocrx_word' id='word_1_78' title='bbox 1304 853 1502 902; x_wconf 89' lang='lat' dir='ltr'>pendulus</span> <span class='ocrx_word' id='word_1_79' title='bbox 1531 853 1671 891; x_wconf 91' lang='lat' dir='ltr'>hamus</span> 
     </span>
     <span class='ocr_line' id='line_1_13' title="bbox 554 917 1380 968; baseline -0.006 -9"><span class='ocrx_word' id='word_1_80' title='bbox 554 922 686 959; x_wconf 92' lang='lat' dir='ltr'>Aurea</span> <span class='ocrx_word' id='word_1_81' title='bbox 714 919 766 958; x_wconf 92' lang='lat' dir='ltr'>de</span> <span class='ocrx_word' id='word_1_82' title='bbox 795 920 912 957; x_wconf 90' lang='lat' dir='ltr'>burse</span> <span class='ocrx_word' id='word_1_83' title='bbox 939 919 1090 968; x_wconf 83' lang='lat' dir='ltr'>gurgite</span> <span class='ocrx_word' id='word_1_84' title='bbox 1116 918 1222 956; x_wconf 92' lang='lat' dir='ltr'>dona</span> <span class='ocrx_word' id='word_1_85' title='bbox 1250 917 1380 966; x_wconf 82' lang='lat' dir='ltr'>capit3</span> 
     </span>
     <span class='ocr_line' id='line_1_14' title="bbox 553 981 1553 1033; baseline -0.005 -9"><span class='ocrx_word' id='word_1_86' title='bbox 553 987 649 1024; x_wconf 93' lang='lat' dir='ltr'>Non</span> <span class='ocrx_word' id='word_1_87' title='bbox 678 986 740 1023; x_wconf 89' lang='lat' dir='ltr'>via</span> <span class='ocrx_word' id='word_1_88' title='bbox 768 985 855 1022; x_wconf 86' lang='lat' dir='ltr'>talis</span> <span class='ocrx_word' id='word_1_89' title='bbox 885 984 957 1022; x_wconf 89' lang='lat' dir='ltr'>erit</span> <span class='ocrx_word' id='word_1_90' title='bbox 987 996 1065 1033; x_wconf 92' lang='lat' dir='ltr'>qua</span> <span class='ocrx_word' id='word_1_91' title='bbox 1095 995 1176 1021; x_wconf 89' lang='lat' dir='ltr'>non</span> <span class='ocrx_word' id='word_1_92' title='bbox 1206 981 1442 1020; x_wconf 86' lang='lat' dir='ltr'>scrutabitur</span> <span class='ocrx_word' id='word_1_93' title='bbox 1469 982 1553 1020; x_wconf 87' lang='lat' dir='ltr'>auri</span> 
     </span>
     <span class='ocr_line' id='line_1_15' title="bbox 551 1048 1467 1099; baseline -0.005 -10"><span class='ocrx_word' id='word_1_94' title='bbox 551 1053 647 1089; x_wconf 89' lang='lat' dir='ltr'>Arte</span> <span class='ocrx_word' id='word_1_95' title='bbox 676 1051 738 1088; x_wconf 93' lang='lat' dir='ltr'>vel</span> <span class='ocrx_word' id='word_1_96' title='bbox 766 1049 937 1099; x_wconf 89' lang='lat' dir='ltr'>ingenio,</span> <span class='ocrx_word' id='word_1_97' title='bbox 969 1049 1005 1086; x_wconf 94' lang='lat' dir='ltr'>vi</span> <span class='ocrx_word' id='word_1_98' title='bbox 1035 1049 1096 1086; x_wconf 91' lang='lat' dir='ltr'>vel</span> <span class='ocrx_word' id='word_1_99' title='bbox 1125 1060 1272 1095; x_wconf 90' lang='lat' dir='ltr'>amore,</span> <span class='ocrx_word' id='word_1_100' title='bbox 1303 1048 1467 1085; x_wconf 89' lang='lat' dir='ltr'>lucrum.</span> 
     </span>
     <span class='ocr_line' id='line_1_16' title="bbox 555 1113 1430 1159; baseline -0.007 -3"><span class='ocrx_word' id='word_1_101' title='bbox 555 1117 769 1156; x_wconf 86' lang='lat' dir='ltr'>Contextat</span> <span class='ocrx_word' id='word_1_102' title='bbox 797 1122 937 1153; x_wconf 90' lang='lat' dir='ltr'>tenues</span> <span class='ocrx_word' id='word_1_103' title='bbox 967 1114 1121 1152; x_wconf 87' lang='lat' dir='ltr'>subtilis</span> <span class='ocrx_word' id='word_1_104' title='bbox 1150 1125 1293 1151; x_wconf 91' lang='lat' dir='ltr'>aranea</span> <span class='ocrx_word' id='word_1_105' title='bbox 1321 1113 1430 1159; x_wconf 86' lang='lat' dir='ltr'>telas,</span> 
     </span>
     <span class='ocr_line' id='line_1_17' title="bbox 555 1179 1414 1230; baseline -0.007 -10"><span class='ocrx_word' id='word_1_106' title='bbox 555 1182 685 1220; x_wconf 88' lang='lat' dir='ltr'>Possit</span> <span class='ocrx_word' id='word_1_107' title='bbox 713 1187 754 1218; x_wconf 87' lang='lat' dir='ltr'>vt</span> <span class='ocrx_word' id='word_1_108' title='bbox 783 1181 857 1218; x_wconf 87' lang='lat' dir='ltr'>hiis</span> <span class='ocrx_word' id='word_1_109' title='bbox 887 1180 1028 1230; x_wconf 85' lang='lat' dir='ltr'>predas</span> <span class='ocrx_word' id='word_1_110' title='bbox 1058 1179 1270 1229; x_wconf 85' lang='lat' dir='ltr'>illaqueare</span> <span class='ocrx_word' id='word_1_111' title='bbox 1299 1190 1388 1216; x_wconf 89' lang='lat' dir='ltr'>suas</span> <span class='ocrx_word' id='word_1_112' title='bbox 1403 1192 1414 1226; x_wconf 98' lang='lat'><em>3</em></span> 
     </span>
     <span class='ocr_line' id='line_1_18' title="bbox 553 1244 1586 1293; baseline -0.004 -8"><span class='ocrx_word' id='word_1_113' title='bbox 553 1248 593 1286; x_wconf 88' lang='lat' dir='ltr'>Si</span> <span class='ocrx_word' id='word_1_114' title='bbox 622 1247 753 1285; x_wconf 88' lang='lat' dir='ltr'>veniat</span> <span class='ocrx_word' id='word_1_115' title='bbox 781 1258 919 1284; x_wconf 90' lang='lat' dir='ltr'>musca</span> <span class='ocrx_word' id='word_1_116' title='bbox 947 1245 1144 1291; x_wconf 87' lang='lat' dir='ltr'>volutans,</span> <span class='ocrx_word' id='word_1_117' title='bbox 1175 1244 1281 1282; x_wconf 88' lang='lat' dir='ltr'>cadit</span> <span class='ocrx_word' id='word_1_118' title='bbox 1310 1244 1395 1293; x_wconf 89' lang='lat' dir='ltr'>ipsa</span> <span class='ocrx_word' id='word_1_119' title='bbox 1423 1250 1586 1291; x_wconf 86' lang='lat' dir='ltr'>retenta,</span> 
     </span>
     <span class='ocr_line' id='line_1_19' title="bbox 556 1310 1498 1360; baseline -0.004 -9"><span class='ocrx_word' id='word_1_120' title='bbox 556 1314 677 1351; x_wconf 91' lang='lat' dir='ltr'>Nisus</span> <span class='ocrx_word' id='word_1_121' title='bbox 706 1319 745 1350; x_wconf 89' lang='lat' dir='ltr'>et</span> <span class='ocrx_word' id='word_1_122' title='bbox 774 1325 796 1349; x_wconf 93' lang='lat' dir='ltr'>a</span> <span class='ocrx_word' id='word_1_123' title='bbox 825 1311 960 1350; x_wconf 90' lang='lat' dir='ltr'>medio</span> <span class='ocrx_word' id='word_1_124' title='bbox 988 1311 1150 1349; x_wconf 87' lang='lat' dir='ltr'>transiet</span> <span class='ocrx_word' id='word_1_125' title='bbox 1179 1310 1331 1360; x_wconf 84' lang='lat' dir='ltr'>absque</span> <span class='ocrx_word' id='word_1_126' title='bbox 1362 1310 1498 1358; x_wconf 86' lang='lat' dir='ltr'>malo3</span> 
     </span>
     <span class='ocr_line' id='line_1_20' title="bbox 555 1375 1495 1427; baseline -0.004 -11"><span class='ocrx_word' id='word_1_127' title='bbox 555 1378 677 1427; x_wconf 87' lang='lat' dir='ltr'>Quod</span> <span class='ocrx_word' id='word_1_128' title='bbox 706 1377 810 1415; x_wconf 88' lang='lat' dir='ltr'>volat</span> <span class='ocrx_word' id='word_1_129' title='bbox 840 1389 887 1415; x_wconf 84' lang='lat' dir='ltr'>ex</span> <span class='ocrx_word' id='word_1_130' title='bbox 916 1377 986 1414; x_wconf 91' lang='lat' dir='ltr'>alis</span> <span class='ocrx_word' id='word_1_131' title='bbox 1016 1376 1160 1414; x_wconf 87' lang='lat' dir='ltr'>euadet</span> <span class='ocrx_word' id='word_1_132' title='bbox 1189 1375 1356 1414; x_wconf 86' lang='lat' dir='ltr'>fortibus</span> <span class='ocrx_word' id='word_1_133' title='bbox 1386 1376 1495 1423; x_wconf 85' lang='lat' dir='ltr'>illud,</span> 
     </span>
     <span class='ocr_line' id='line_1_21' title="bbox 553 1441 1524 1491; baseline -0.001 -11"><span class='ocrx_word' id='word_1_134' title='bbox 553 1443 738 1481; x_wconf 89' lang='lat' dir='ltr'>Voluitur</span> <span class='ocrx_word' id='word_1_135' title='bbox 766 1449 805 1481; x_wconf 90' lang='lat' dir='ltr'>et</span> <span class='ocrx_word' id='word_1_136' title='bbox 834 1442 984 1491; x_wconf 87' lang='lat' dir='ltr'>laqueis</span> <span class='ocrx_word' id='word_1_137' title='bbox 1015 1441 1148 1480; x_wconf 89' lang='lat' dir='ltr'>debile</span> <span class='ocrx_word' id='word_1_138' title='bbox 1177 1441 1370 1491; x_wconf 90' lang='lat' dir='ltr'>quicquid</span> <span class='ocrx_word' id='word_1_139' title='bbox 1399 1441 1524 1479; x_wconf 89' lang='lat' dir='ltr'>adest.</span> 
     </span>
     <span class='ocr_line' id='line_1_22' title="bbox 555 1506 1651 1557; baseline -0.003 -10"><span class='ocrx_word' id='word_1_140' title='bbox 555 1509 789 1548; x_wconf 88' lang='lat' dir='ltr'>Causidicus</span> <span class='ocrx_word' id='word_1_141' title='bbox 818 1507 987 1557; x_wconf 89' lang='lat' dir='ltr'>cupidus</span> <span class='ocrx_word' id='word_1_142' title='bbox 1017 1507 1184 1556; x_wconf 87' lang='lat' dir='ltr'>pauidos</span> <span class='ocrx_word' id='word_1_143' title='bbox 1214 1507 1265 1545; x_wconf 89' lang='lat' dir='ltr'>de</span> <span class='ocrx_word' id='word_1_144' title='bbox 1293 1507 1379 1556; x_wconf 90' lang='lat' dir='ltr'>lege</span> <span class='ocrx_word' id='word_1_145' title='bbox 1407 1506 1651 1556; x_wconf 89' lang='lat' dir='ltr'>propinquos</span> 
     </span>
     <span class='ocr_line' id='line_1_23' title="bbox 555 1572 1378 1622; baseline -0.005 -10"><span class='ocrx_word' id='word_1_146' title='bbox 555 1574 692 1612; x_wconf 89' lang='lat' dir='ltr'>Voluit</span> <span class='ocrx_word' id='word_1_147' title='bbox 722 1579 760 1612; x_wconf 92' lang='lat' dir='ltr'>et</span> <span class='ocrx_word' id='word_1_148' title='bbox 789 1573 974 1622; x_wconf 85' lang='lat' dir='ltr'>illaqueat</span> <span class='ocrx_word' id='word_1_149' title='bbox 1003 1572 1242 1610; x_wconf 88' lang='lat' dir='ltr'>condicione</span> <span class='ocrx_word' id='word_1_150' title='bbox 1270 1572 1352 1621; x_wconf 90' lang='lat' dir='ltr'>pari</span> <span class='ocrx_word' id='word_1_151' title='bbox 1367 1585 1378 1619; x_wconf 93' lang='lat'><em>3</em></span> 
     </span>
     <span class='ocr_line' id='line_1_24' title="bbox 557 1636 1578 1690; baseline -0.003 -13"><span class='ocrx_word' id='word_1_152' title='bbox 557 1640 754 1690; x_wconf 89' lang='lat' dir='ltr'>Ignauum</span> <span class='ocrx_word' id='word_1_153' title='bbox 783 1638 988 1688; x_wconf 86' lang='lat' dir='ltr'>populum,</span> <span class='ocrx_word' id='word_1_154' title='bbox 1019 1637 1131 1675; x_wconf 91' lang='lat' dir='ltr'>cuius</span> <span class='ocrx_word' id='word_1_155' title='bbox 1161 1636 1340 1675; x_wconf 87' lang='lat' dir='ltr'>defensio</span> <span class='ocrx_word' id='word_1_156' title='bbox 1372 1636 1479 1674; x_wconf 87' lang='lat' dir='ltr'>nulla</span> <span class='ocrx_word' id='word_1_157' title='bbox 1509 1642 1578 1684; x_wconf 88' lang='lat' dir='ltr'>est,</span> 
     </span>
     <span class='ocr_line' id='line_1_25' title="bbox 556 1703 1406 1754; baseline -0.006 -10"><span class='ocrx_word' id='word_1_158' title='bbox 556 1704 766 1754; x_wconf 88' lang='lat' dir='ltr'>Opprimit,</span> <span class='ocrx_word' id='word_1_159' title='bbox 797 1709 836 1741; x_wconf 89' lang='lat' dir='ltr'>et</span> <span class='ocrx_word' id='word_1_160' title='bbox 864 1703 960 1753; x_wconf 88' lang='lat' dir='ltr'>legis</span> <span class='ocrx_word' id='word_1_161' title='bbox 989 1703 1099 1741; x_wconf 90' lang='lat' dir='ltr'>rethe</span> <span class='ocrx_word' id='word_1_162' title='bbox 1129 1709 1280 1740; x_wconf 88' lang='lat' dir='ltr'>coartat</span> <span class='ocrx_word' id='word_1_163' title='bbox 1310 1714 1406 1749; x_wconf 89' lang='lat' dir='ltr'>eos3</span> 
     </span>
     <span class='ocr_line' id='line_1_26' title="bbox 557 1767 1657 1817; baseline -0.004 -9"><span class='ocrx_word' id='word_1_164' title='bbox 557 1770 675 1808; x_wconf 91' lang='lat' dir='ltr'>Plebs</span> <span class='ocrx_word' id='word_1_165' title='bbox 705 1769 810 1807; x_wconf 87' lang='lat' dir='ltr'>cadit</span> <span class='ocrx_word' id='word_1_166' title='bbox 838 1769 878 1806; x_wconf 92' lang='lat' dir='ltr'>in</span> <span class='ocrx_word' id='word_1_167' title='bbox 907 1769 1004 1806; x_wconf 89' lang='lat' dir='ltr'>telas</span> <span class='ocrx_word' id='word_1_168' title='bbox 1034 1768 1210 1817; x_wconf 83' lang='lat' dir='ltr'>simplex,</span> <span class='ocrx_word' id='word_1_169' title='bbox 1243 1767 1476 1817; x_wconf 87' lang='lat' dir='ltr'>hominique</span> <span class='ocrx_word' id='word_1_170' title='bbox 1504 1767 1657 1816; x_wconf 86' lang='lat' dir='ltr'>potenti</span> 
     </span>
     <span class='ocr_line' id='line_1_27' title="bbox 554 1833 1362 1874; baseline -0.004 -1"><span class='ocrx_word' id='word_1_171' title='bbox 554 1835 679 1874; x_wconf 90' lang='lat' dir='ltr'>Recia</span> <span class='ocrx_word' id='word_1_172' title='bbox 707 1833 897 1872; x_wconf 88' lang='lat' dir='ltr'>causidici</span> <span class='ocrx_word' id='word_1_173' title='bbox 927 1834 1023 1871; x_wconf 90' lang='lat' dir='ltr'>dant</span> <span class='ocrx_word' id='word_1_174' title='bbox 1052 1833 1220 1871; x_wconf 89' lang='lat' dir='ltr'>lacerata</span> <span class='ocrx_word' id='word_1_175' title='bbox 1248 1833 1362 1871; x_wconf 88' lang='lat' dir='ltr'>viam.</span> 
     </span>
     <span class='ocr_line' id='line_1_28' title="bbox 609 1897 1591 1950; baseline -0.002 -13"><span class='ocrx_word' id='word_1_176' title='bbox 609 1902 786 1950; x_wconf 88' lang='lat' dir='ltr'>Vespere</span> <span class='ocrx_word' id='word_1_177' title='bbox 815 1911 963 1949; x_wconf 90' lang='lat' dir='ltr'>pronus</span> <span class='ocrx_word' id='word_1_178' title='bbox 993 1899 1104 1936; x_wconf 86' lang='lat' dir='ltr'>humi</span> <span class='ocrx_word' id='word_1_179' title='bbox 1134 1899 1358 1948; x_wconf 89' lang='lat' dir='ltr'>vespertilio</span> <span class='ocrx_word' id='word_1_180' title='bbox 1388 1898 1505 1945; x_wconf 89' lang='lat' dir='ltr'>volat,</span> <span class='ocrx_word' id='word_1_181' title='bbox 1536 1897 1591 1935; x_wconf 87' lang='lat' dir='ltr'>vti</span> 
     </span>
     <span class='ocr_line' id='line_1_29' title="bbox 555 1963 1472 2015; baseline -0.004 -11"><span class='ocrx_word' id='word_1_182' title='bbox 555 1966 703 2005; x_wconf 88' lang='lat' dir='ltr'>Pennis</span> <span class='ocrx_word' id='word_1_183' title='bbox 732 1977 803 2015; x_wconf 88' lang='lat' dir='ltr'>pro</span> <span class='ocrx_word' id='word_1_184' title='bbox 832 1964 1002 2014; x_wconf 88' lang='lat' dir='ltr'>pedibus</span> <span class='ocrx_word' id='word_1_185' title='bbox 1031 1964 1071 2001; x_wconf 93' lang='lat' dir='ltr'>in</span> <span class='ocrx_word' id='word_1_186' title='bbox 1100 1963 1318 2014; x_wconf 88' lang='lat' dir='ltr'>gradiendo</span> <span class='ocrx_word' id='word_1_187' title='bbox 1347 1963 1447 2001; x_wconf 90' lang='lat' dir='ltr'>solet</span> <span class='ocrx_word' id='word_1_188' title='bbox 1461 1976 1472 2010; x_wconf 92' lang='grc'><em>3</em></span> 
     </span>
     <span class='ocr_line' id='line_1_30' title="bbox 557 2028 1505 2070; baseline -0.004 -1"><span class='ocrx_word' id='word_1_189' title='bbox 557 2032 623 2070; x_wconf 89' lang='lat' dir='ltr'>Sic</span> <span class='ocrx_word' id='word_1_190' title='bbox 651 2032 763 2068; x_wconf 92' lang='lat' dir='ltr'>cuius</span> <span class='ocrx_word' id='word_1_191' title='bbox 793 2037 969 2068; x_wconf 89' lang='lat' dir='ltr'>mentem</span> <span class='ocrx_word' id='word_1_192' title='bbox 998 2036 1152 2068; x_wconf 91' lang='lat' dir='ltr'>terrena</span> <span class='ocrx_word' id='word_1_193' title='bbox 1182 2029 1352 2067; x_wconf 90' lang='lat' dir='ltr'>sciencia</span> <span class='ocrx_word' id='word_1_194' title='bbox 1381 2028 1505 2066; x_wconf 88' lang='lat' dir='ltr'>ditem</span> 
     </span>
     <span class='ocr_line' id='line_1_31' title="bbox 559 2091 1496 2141; baseline -0.005 -9"><span class='ocrx_word' id='word_1_195' title='bbox 559 2093 701 2141; x_wconf 87' lang='lat' dir='ltr'>Efficit,</span> <span class='ocrx_word' id='word_1_196' title='bbox 733 2093 826 2130; x_wconf 89' lang='lat' dir='ltr'>huic</span> <span class='ocrx_word' id='word_1_197' title='bbox 853 2092 1002 2130; x_wconf 90' lang='lat' dir='ltr'>volucri</span> <span class='ocrx_word' id='word_1_198' title='bbox 1031 2104 1074 2130; x_wconf 92' lang='lat' dir='ltr'>se</span> <span class='ocrx_word' id='word_1_199' title='bbox 1101 2091 1194 2129; x_wconf 89' lang='lat' dir='ltr'>facit</span> <span class='ocrx_word' id='word_1_200' title='bbox 1223 2103 1310 2129; x_wconf 90' lang='lat' dir='ltr'>esse</span> <span class='ocrx_word' id='word_1_201' title='bbox 1339 2103 1496 2140; x_wconf 86' lang='lat' dir='ltr'>parem3</span> 
     </span>
     <span class='ocr_line' id='line_1_32' title="bbox 558 2156 1502 2205; baseline -0.005 -7"><span class='ocrx_word' id='word_1_202' title='bbox 558 2160 641 2198; x_wconf 91' lang='lat' dir='ltr'>Iste</span> <span class='ocrx_word' id='word_1_203' title='bbox 668 2159 775 2196; x_wconf 90' lang='lat' dir='ltr'>velut</span> <span class='ocrx_word' id='word_1_204' title='bbox 804 2158 906 2195; x_wconf 91' lang='lat' dir='ltr'>circa</span> <span class='ocrx_word' id='word_1_205' title='bbox 935 2165 1077 2195; x_wconf 90' lang='lat' dir='ltr'>terram</span> <span class='ocrx_word' id='word_1_206' title='bbox 1106 2157 1268 2203; x_wconf 87' lang='lat' dir='ltr'>volutat,</span> <span class='ocrx_word' id='word_1_207' title='bbox 1300 2156 1393 2205; x_wconf 88' lang='lat' dir='ltr'>quia</span> <span class='ocrx_word' id='word_1_208' title='bbox 1421 2156 1502 2193; x_wconf 88' lang='lat' dir='ltr'>veri</span> 
     </span>
     <span class='ocr_line' id='line_1_33' title="bbox 560 2221 1331 2273; baseline -0.005 -11"><span class='ocrx_word' id='word_1_209' title='bbox 560 2224 740 2263; x_wconf 89' lang='lat' dir='ltr'>Luminis</span> <span class='ocrx_word' id='word_1_210' title='bbox 770 2224 925 2273; x_wconf 90' lang='lat' dir='ltr'>ignarus</span> <span class='ocrx_word' id='word_1_211' title='bbox 955 2229 1080 2260; x_wconf 88' lang='lat' dir='ltr'>terrea</span> <span class='ocrx_word' id='word_1_212' title='bbox 1108 2222 1191 2260; x_wconf 89' lang='lat' dir='ltr'>sola</span> <span class='ocrx_word' id='word_1_213' title='bbox 1220 2221 1331 2271; x_wconf 90' lang='lat' dir='ltr'>rapit.</span> 
     </span>
     <span class='ocr_line' id='line_1_34' title="bbox 559 2287 1445 2329; baseline -0.006 -1"><span class='ocrx_word' id='word_1_214' title='bbox 559 2289 715 2329; x_wconf 88' lang='lat' dir='ltr'>Dicitur</span> <span class='ocrx_word' id='word_1_215' title='bbox 744 2289 784 2325; x_wconf 91' lang='lat' dir='ltr'>in</span> <span class='ocrx_word' id='word_1_216' title='bbox 813 2294 973 2326; x_wconf 88' lang='lat' dir='ltr'>noctem</span> <span class='ocrx_word' id='word_1_217' title='bbox 1003 2287 1156 2325; x_wconf 90' lang='lat' dir='ltr'>subtilis</span> <span class='ocrx_word' id='word_1_218' title='bbox 1185 2294 1331 2324; x_wconf 87' lang='lat' dir='ltr'>noctua</span> <span class='ocrx_word' id='word_1_219' title='bbox 1359 2287 1445 2324; x_wconf 87' lang='lat' dir='ltr'>visu</span> 
     </span>
     <span class='ocr_line' id='line_1_35' title="bbox 561 2352 1378 2401; baseline -0.005 -8"><span class='ocrx_word' id='word_1_220' title='bbox 561 2356 671 2401; x_wconf 90' lang='lat' dir='ltr'>Esse,</span> <span class='ocrx_word' id='word_1_221' title='bbox 703 2354 856 2391; x_wconf 85' lang='lat' dir='ltr'>nitente</span> <span class='ocrx_word' id='word_1_222' title='bbox 885 2353 950 2391; x_wconf 91' lang='lat' dir='ltr'>die</span> <span class='ocrx_word' id='word_1_223' title='bbox 979 2353 1066 2390; x_wconf 87' lang='lat' dir='ltr'>luce</span> <span class='ocrx_word' id='word_1_224' title='bbox 1096 2353 1248 2390; x_wconf 91' lang='lat' dir='ltr'>minore</span> <span class='ocrx_word' id='word_1_225' title='bbox 1278 2352 1378 2399; x_wconf 87' lang='lat' dir='ltr'>frui3</span> 
     </span>
     <span class='ocr_line' id='line_1_36' title="bbox 560 2416 1644 2467; baseline -0.003 -10"><span class='ocrx_word' id='word_1_226' title='bbox 560 2421 682 2458; x_wconf 88' lang='lat' dir='ltr'>Hanc</span> <span class='ocrx_word' id='word_1_227' title='bbox 710 2419 914 2457; x_wconf 89' lang='lat' dir='ltr'>imitantur</span> <span class='ocrx_word' id='word_1_228' title='bbox 942 2430 1058 2456; x_wconf 89' lang='lat' dir='ltr'>auem</span> <span class='ocrx_word' id='word_1_229' title='bbox 1088 2418 1184 2467; x_wconf 88' lang='lat' dir='ltr'>legis</span> <span class='ocrx_word' id='word_1_230' title='bbox 1213 2418 1280 2467; x_wconf 92' lang='lat' dir='ltr'>qui</span> <span class='ocrx_word' id='word_1_231' title='bbox 1314 2423 1405 2454; x_wconf 90' lang='lat' dir='ltr'>sunt</span> <span class='ocrx_word' id='word_1_232' title='bbox 1435 2416 1644 2465; x_wconf 84' lang='lat' dir='ltr'>sapienteS,</span> 
     </span>
     <span class='ocr_line' id='line_1_37' title="bbox 559 2480 1618 2534; baseline -0.003 -12"><span class='ocrx_word' id='word_1_233' title='bbox 559 2487 614 2524; x_wconf 92' lang='lat' dir='ltr'>Vt</span> <span class='ocrx_word' id='word_1_234' title='bbox 643 2485 746 2522; x_wconf 88' lang='lat' dir='ltr'>mala</span> <span class='ocrx_word' id='word_1_235' title='bbox 775 2485 902 2523; x_wconf 90' lang='lat' dir='ltr'>noctis</span> <span class='ocrx_word' id='word_1_236' title='bbox 931 2490 1059 2534; x_wconf 89' lang='lat' dir='ltr'>agant,</span> <span class='ocrx_word' id='word_1_237' title='bbox 1091 2495 1165 2521; x_wconf 90' lang='lat' dir='ltr'>nec</span> <span class='ocrx_word' id='word_1_238' title='bbox 1196 2483 1301 2521; x_wconf 90' lang='lat' dir='ltr'>bona</span> <span class='ocrx_word' id='word_1_239' title='bbox 1330 2482 1428 2520; x_wconf 88' lang='lat' dir='ltr'>lucis</span> <span class='ocrx_word' id='word_1_240' title='bbox 1459 2480 1618 2519; x_wconf 88' lang='lat' dir='ltr'>habent.</span> 
     </span>
    </p>
   </div>
   <div class='ocr_carea' id='block_1_5' title="bbox 561 2546 1722 2600">
    <p class='ocr_par' dir='ltr' id='par_1_5' title="bbox 561 2546 1722 2600">
     <span class='ocr_line' id='line_1_38' title="bbox 561 2546 1722 2600; baseline -0.003 -12"><span class='ocrx_word' id='word_1_241' title='bbox 561 2550 700 2600; x_wconf 90' lang='lat' dir='ltr'>Sepius</span> <span class='ocrx_word' id='word_1_242' title='bbox 730 2550 795 2587; x_wconf 90' lang='lat' dir='ltr'>illa</span> <span class='ocrx_word' id='word_1_243' title='bbox 823 2557 957 2587; x_wconf 91' lang='lat' dir='ltr'>tamen</span> <span class='ocrx_word' id='word_1_244' title='bbox 987 2561 1107 2598; x_wconf 88' lang='lat' dir='ltr'>quarn</span> <span class='ocrx_word' id='word_1_245' title='bbox 1136 2547 1257 2596; x_wconf 91' lang='lat' dir='ltr'>preda</span> <span class='ocrx_word' id='word_1_246' title='bbox 1285 2547 1384 2595; x_wconf 89' lang='lat' dir='ltr'>rapit</span> <span class='ocrx_word' id='word_1_247' title='bbox 1413 2546 1488 2585; x_wconf 90' lang='lat' dir='ltr'>sibi</span> <span class='ocrx_word' id='word_1_248' title='bbox 1517 2559 1623 2585; x_wconf 89' lang='lat' dir='ltr'>mors</span> <span class='ocrx_word' id='word_1_249' title='bbox 1653 2553 1722 2594; x_wconf 90' lang='lat' dir='ltr'>est,</span> 
     </span>
    </p>
   </div>
   <div class='ocr_carea' id='block_1_6' title="bbox 561 2612 1575 2792">
    <p class='ocr_par' dir='ltr' id='par_1_6' title="bbox 561 2612 1575 2792">
     <span class='ocr_line' id='line_1_39' title="bbox 561 2612 1427 2653; baseline -0.005 0"><span class='ocrx_word' id='word_1_250' title='bbox 561 2616 671 2652; x_wconf 90' lang='lat' dir='ltr'>Dum</span> <span class='ocrx_word' id='word_1_251' title='bbox 700 2616 794 2653; x_wconf 88' lang='lat' dir='ltr'>latet</span> <span class='ocrx_word' id='word_1_252' title='bbox 823 2615 980 2652; x_wconf 91' lang='lat' dir='ltr'>occulto</span> <span class='ocrx_word' id='word_1_253' title='bbox 1010 2614 1099 2651; x_wconf 87' lang='lat' dir='ltr'>finis</span> <span class='ocrx_word' id='word_1_254' title='bbox 1128 2612 1338 2650; x_wconf 87' lang='lat' dir='ltr'>habendus</span> <span class='ocrx_word' id='word_1_255' title='bbox 1368 2613 1427 2650; x_wconf 91' lang='lat' dir='ltr'>ei:</span> 
     </span>
     <span class='ocr_line' id='line_1_40' title="bbox 562 2678 1575 2729; baseline -0.003 -11"><span class='ocrx_word' id='word_1_256' title='bbox 562 2680 807 2729; x_wconf 90' lang='lat' dir='ltr'>Improuisus</span> <span class='ocrx_word' id='word_1_257' title='bbox 836 2680 949 2717; x_wconf 91' lang='lat' dir='ltr'>adest</span> <span class='ocrx_word' id='word_1_258' title='bbox 977 2691 1069 2716; x_wconf 90' lang='lat' dir='ltr'>cum</span> <span class='ocrx_word' id='word_1_259' title='bbox 1098 2679 1226 2728; x_wconf 89' lang='lat' dir='ltr'>pullos</span> <span class='ocrx_word' id='word_1_260' title='bbox 1255 2678 1391 2716; x_wconf 92' lang='lat' dir='ltr'>tollere</span> <span class='ocrx_word' id='word_1_261' title='bbox 1420 2678 1575 2725; x_wconf 88' lang='lat' dir='ltr'>miluus,</span> 
     </span>
     <span class='ocr_line' id='line_1_41' title="bbox 561 2743 1456 2792; baseline -0.002 -10"><span class='ocrx_word' id='word_1_262' title='bbox 561 2745 705 2792; x_wconf 87' lang='lat' dir='ltr'>Esurit,</span> <span class='ocrx_word' id='word_1_263' title='bbox 737 2751 775 2783; x_wconf 91' lang='lat' dir='ltr'>et</span> <span class='ocrx_word' id='word_1_264' title='bbox 805 2745 942 2783; x_wconf 87' lang='lat' dir='ltr'>fraude</span> <span class='ocrx_word' id='word_1_265' title='bbox 970 2745 1074 2782; x_wconf 83' lang='lat' dir='ltr'>fraus</span> <span class='ocrx_word' id='word_1_266' title='bbox 1103 2756 1173 2782; x_wconf 91' lang='lat' dir='ltr'>sua</span> <span class='ocrx_word' id='word_1_267' title='bbox 1202 2755 1295 2792; x_wconf 91' lang='lat' dir='ltr'>sepe</span> <span class='ocrx_word' id='word_1_268' title='bbox 1324 2743 1456 2781; x_wconf 87' lang='lat' dir='ltr'>cadit:</span> 
     </span>
    </p>
   </div>
   <div class='ocr_carea' id='block_1_7' title="bbox 457 2885 1167 2926">
    <p class='ocr_par' dir='ltr' id='par_1_7' title="bbox 457 2885 1167 2926">
     <span class='ocr_line' id='line_1_42' title="bbox 457 2885 1167 2926; baseline 0 -10"><span class='ocrx_word' id='word_1_269' title='bbox 457 2897 496 2926; x_wconf 78' lang='lat'>79</span> <span class='ocrx_word' id='word_1_270' title='bbox 527 2885 675 2916; x_wconf 84' lang='lat' dir='ltr'>volitans</span> <span class='ocrx_word' id='word_1_271' title='bbox 700 2885 758 2916; x_wconf 85' lang='lat' dir='ltr'>CE</span> <span class='ocrx_word' id='word_1_272' title='bbox 891 2895 935 2925; x_wconf 85' lang='lat'>93</span> <span class='ocrx_word' id='word_1_273' title='bbox 966 2885 1085 2916; x_wconf 84' lang='lat' dir='ltr'>volitat</span> <span class='ocrx_word' id='word_1_274' title='bbox 1109 2885 1167 2916; x_wconf 83' lang='lat' dir='ltr'>CE</span> 
     </span>
    </p>
   </div>
   <div class='ocr_carea' id='block_1_8' title="bbox 1831 1317 1924 1364">
    <p class='ocr_par' dir='ltr' id='par_1_8' title="bbox 1831 1317 1924 1364">
     <span class='ocr_line' id='line_1_43' title="bbox 1831 1317 1924 1364; baseline 0 -17"><span class='ocrx_word' id='word_1_275' title='bbox 1831 1317 1924 1364; x_wconf 18' lang='lat' dir='ltr'>*So</span> 
     </span>
    </p>
   </div>
   <div class='ocr_carea' id='block_1_9' title="bbox 1879 1978 1923 2012">
    <p class='ocr_par' dir='ltr' id='par_1_9' title="bbox 1879 1978 1923 2012">
     <span class='ocr_line' id='line_1_44' title="bbox 1879 1978 1923 2012; baseline 0 -12"><span class='ocrx_word' id='word_1_276' title='bbox 1879 1978 1923 2012; x_wconf 83' lang='lat'>90</span> 
     </span>
    </p>
   </div>
   <div class='ocr_carea' id='block_1_10' title="bbox 1859 2627 1920 2648">
    <p class='ocr_par' dir='ltr' id='par_1_10' title="bbox 1859 2627 1920 2648">
     <span class='ocr_line' id='line_1_45' title="bbox 1859 2627 1920 2648; baseline 0 0"><span class='ocrx_word' id='word_1_277' title='bbox 1859 2627 1920 2648; x_wconf 92' lang='lat'>100</span> 
     </span>
    </p>
   </div>
   <div class='ocr_carea' id='block_1_11' title="bbox 1644 2831 1922 2872">
    <p class='ocr_par' dir='ltr' id='par_1_11' title="bbox 1644 2831 1922 2872">
     <span class='ocr_line' id='line_1_46' title="bbox 1644 2831 1922 2872; baseline -0.004 -9"><span class='ocrx_word' id='word_1_278' title='bbox 1644 2842 1684 2872; x_wconf 90' lang='lat'>72</span> <span class='ocrx_word' id='word_1_279' title='bbox 1723 2832 1832 2863; x_wconf 87' lang='lat' dir='ltr'>rethia</span> <span class='ocrx_word' id='word_1_280' title='bbox 1864 2831 1922 2862; x_wconf 84' lang='lat' dir='ltr'>CE</span> 
     </span>
    </p>
   </div>
  </div>
 </body>
</html>
