2095 3173
542 205 624 244 288

1016 204 1148 247 VOX
1189 204 1548 247 CLAMANTIS

651 312 705 350 Vt
734 312 896 352 seruiret
925 311 961 352 ei
991 314 1150 360 factura,
1182 324 1381 362 suumque
1410 312 1583 350 vicissim

651 379 859 417 Factorem
889 380 1018 417 solum
1049 386 1359 428 consequeretur
1388 378 1523 416 homo.

649 443 767 494 Erige
796 443 966 482 sublime
994 451 1113 493 caput
1142 451 1180 482 et
1210 441 1470 493 circumspice
1499 442 1706 489 mundum,

651 509 805 559 Collige
833 515 989 554 cuncta,
1021 522 1090 548 sue
1119 509 1215 548 dant
1244 508 1316 547 tibi
1346 521 1505 559 queque
1533 521 1698 546 manus:

651 574 798 613 Omnia
827 574 1004 613 subiecta
1033 574 1105 613 tibi
1134 582 1237 622 sunt,
1270 574 1341 613 tibi
1371 581 1515 612 cuncta
1544 574 1778 620 ministrant,

649 639 798 678 Omnia
826 641 1069 690 respondent
1098 640 1417 690 obsequiumque
1445 647 1595 690 parant.
1953 646 2019 686 580

651 705 733 754 Qui
761 704 833 744 tibi
861 712 971 744 tanta
999 705 1097 753 tulit,
1129 706 1197 756 qui
1228 718 1298 755 pro
1327 712 1367 744 te
1396 712 1505 744 tanta
1533 706 1693 755 peregit,

650 770 732 819 Qui
761 783 832 820 pro
861 778 900 809 te
928 771 1124 809 mundum
1155 771 1266 809 duxit
1294 771 1346 809 ad
1375 783 1461 809 esse
1491 784 1618 818 suum,

651 834 733 885 Qui
761 836 873 874 dedit
901 848 948 875 ex
978 835 1127 874 nichilo
1156 843 1353 874 tantarum
1383 835 1534 874 semina
1563 849 1704 881 rerum,

650 902 955 951 Confusumque
984 902 1105 940 chaos
1135 901 1275 940 ordine
1305 909 1407 940 stare
1437 914 1520 949 suo,

649 969 783 1006 Sortes
812 968 1054 1006 distribuens
1082 980 1152 1017 per
1179 975 1308 1017 partes
1338 975 1507 1017 quatuor
1536 980 1669 1017 equas,

651 1034 778 1072 Iratos
807 1042 939 1072 motus
969 1041 1161 1083 temperat
1189 1041 1272 1072 arte
1298 1045 1393 1072 sua:

650 1098 786 1138 Sidere
815 1100 1035 1149 depingens
1065 1100 1206 1146 celum,
1239 1107 1472 1149 septemque
1501 1099 1692 1149 planetas,

652 1165 705 1203 Et
734 1165 766 1203 si
795 1163 980 1212 nitantur,
1011 1165 1062 1203 ad
1092 1177 1162 1203 sua
1191 1172 1339 1214 puncta
1366 1178 1526 1212 vocans,

648 1231 816 1281 Signifer
844 1243 1006 1270 accessu
1036 1231 1128 1269 solis
1159 1230 1279 1280 signis
1309 1229 1508 1269 duodenis

649 1296 850 1346 Tempora
878 1309 948 1346 per
976 1295 1144 1335 totidem
1174 1297 1242 1335 dat
1271 1295 1418 1335 variare
1447 1295 1564 1335 vices.
1952 1313 2018 1344 590

704 1360 785 1410 Qui
813 1369 942 1400 totum
972 1362 1178 1409 mundum,
1211 1369 1423 1411 postquam
1452 1363 1681 1401 decreuerat
1710 1361 1831 1409 illum,

649 1426 818 1466 Ornauit
846 1427 954 1465 vario
984 1426 1272 1476 multiplicique
1301 1427 1423 1475 bono,

650 1493 750 1531 Esse
779 1494 878 1531 feras
908 1493 1026 1540 siluis,
1059 1491 1100 1530 in
1130 1492 1332 1530 montibus
1362 1505 1449 1530 esse
1478 1492 1626 1540 leones,

650 1559 698 1596 In
728 1557 855 1608 planis
884 1558 1070 1607 pecudes,
1103 1557 1265 1607 rupibus
1296 1570 1382 1596 esse
1411 1570 1559 1607 capras.

649 1625 790 1662 Pluma
818 1623 913 1673 tegit
941 1625 1120 1662 volucres
1148 1631 1186 1661 et
1215 1636 1311 1661 oues
1342 1635 1412 1660 sua
1441 1623 1530 1661 lana
1559 1623 1730 1670 decorat,

651 1690 780 1739 Inque
806 1696 896 1727 tuos
924 1702 1016 1727 vsus
1045 1697 1104 1728 est
1133 1697 1267 1727 tamen
1297 1689 1373 1727 hoc
1402 1688 1512 1738 quod
1542 1688 1704 1726 habent.

648 1753 820 1804 Respice
849 1753 1010 1793 delicias
1040 1755 1190 1801 mundi,
1224 1767 1322 1804 quas
1351 1752 1515 1791 flumina
1546 1754 1671 1802 dotes,

649 1821 761 1869 Quas
790 1819 862 1858 tibi
891 1820 1015 1858 donat
1043 1832 1140 1869 opes
1169 1819 1302 1857 diuitis
1331 1819 1437 1857 Vnda
1467 1820 1583 1857 maris
1599 1833 1610 1867 3

649 1886 951 1935 Arboribusque
980 1884 1073 1932 sitis,
1104 1885 1249 1932 herbis,
1281 1884 1480 1923 radicibus
1511 1892 1631 1933 ortos,

649 1950 832 1990 Floribus
862 1958 901 1990 et
929 1950 1032 1989 foliis
1061 1950 1349 2001 fructiferisque
1378 1951 1512 1989 bonis.
1948 1957 2016 2003 600

650 2019 724 2056 Pre
752 2018 905 2055 cunctis
933 2018 1081 2055 recolat
1109 2024 1176 2055 tua
1205 2029 1328 2064 mens,
1361 2029 1483 2066 quem
1513 2024 1551 2055 te
1580 2028 1742 2067 quoque
1771 2015 1874 2064 fecit,

649 2083 703 2121 Et
731 2083 783 2121 de
812 2095 931 2132 quarn
962 2081 1110 2119 nichilo
1139 2081 1252 2120 traxit
1281 2082 1332 2121 ad
1362 2094 1448 2120 esse
1477 2081 1656 2130 bonum3

650 2149 755 2186 Nam
784 2154 874 2185 tuus
903 2146 1006 2185 illius
1036 2154 1094 2185 est
1124 2147 1292 2196 spiritus,
1324 2154 1364 2186 et
1393 2154 1483 2185 tuus
1512 2146 1596 2186 eius

649 2213 722 2251 Est
751 2225 900 2259 sensus,
933 2211 1037 2250 racio
1066 2213 1117 2250 de
1146 2213 1305 2251 racione
1334 2225 1414 2251 sua.

703 2279 763 2316 Te
792 2285 910 2327 caput
938 2289 1024 2315 esse
1053 2275 1163 2315 dedit
1192 2290 1332 2324 rerum,
1365 2277 1563 2327 rebusque
1591 2278 1728 2316 locatis

650 2343 826 2381 Nomina
855 2350 893 2381 te
921 2341 1074 2380 cunctis
1103 2354 1261 2392 queque
1289 2355 1430 2381 vocare
1459 2343 1595 2381 dedit:

648 2408 731 2458 Qui
760 2407 832 2446 tibi
860 2420 972 2457 spem
1001 2406 1120 2457 prolis
1150 2406 1260 2445 dedit
1289 2408 1328 2444 in
1359 2408 1532 2445 mulieris
1561 2420 1706 2455 amore,

650 2475 971 2523 Consortemque
999 2486 1134 2523 parem
1163 2471 1415 2522 coniugiique
1445 2473 1578 2511 fidem.

649 2541 710 2578 Te
738 2539 813 2578 sibi
842 2552 944 2589 pene
973 2551 1107 2588 parem
1136 2539 1238 2585 fecit,
1271 2545 1309 2576 te
1337 2550 1440 2587 pene
1469 2539 1702 2587 secundum,

651 2606 794 2644 Dicere
824 2606 856 2643 si
884 2617 1055 2654 possem,
1086 2603 1252 2654 prestitit
1281 2616 1367 2642 esse
1395 2604 1542 2642 deum:
1947 2611 2012 2643 610

651 2670 831 2710 Contulit
860 2671 900 2708 in
929 2671 1058 2709 celum
1089 2682 1186 2715 sese,
1216 2667 1287 2707 tibi
1316 2668 1476 2707 tradidit
1506 2669 1655 2718 orbem,

651 2736 703 2773 Et
732 2734 873 2774 mundi
901 2742 1033 2773 tecum
1062 2733 1284 2785 dimidiauit
1313 2746 1420 2783 opes.

651 2800 793 2840 Celum
822 2801 905 2838 sole
933 2796 1015 2847 tibi,
1047 2801 1105 2838 sol
1134 2798 1283 2838 lumine
1311 2799 1441 2846 seruit,
1473 2807 1511 2839 et
1539 2813 1605 2839 aer

803 2886 868 2916 599
891 2875 981 2916 sitis]
1000 2876 1082 2906 satis
1094 2876 1131 2906 -D
1264 2876 1326 2906 611
1353 2875 1507 2917 tradidit]
1527 2875 1668 2907 contulit
1686 2875 1743 2907 CE
