<?xml version="1.0" encoding="UTF-8"?>
<!DOCTYPE html PUBLIC "-//W3C//DTD XHTML 1.0 Transitional//EN"
    "http://www.w3.org/TR/xhtml1/DTD/xhtml1-transitional.dtd">
<html xmlns="http://www.w3.org/1999/xhtml" xml:lang="en" lang="en">
 <head>
  <title>
</title>
<meta http-equiv="Content-Type" content="text/html;charset=utf-8" />
  <meta name='ocr-system' content='tesseract 3.04.00' />
  <meta name='ocr-capabilities' content='ocr_page ocr_carea ocr_par ocr_line ocrx_word'/>
</head>
<body>
  <div class='ocr_page' id='page_1' title='image "./completeworksofj04gowe_0190.png"; bbox 0 0 2095 3173; ppageno 0'>
   <div class='ocr_carea' id='block_1_1' title="bbox 892 213 1424 255">
    <p class='ocr_par' dir='ltr' id='par_1_1' title="bbox 892 213 1424 255">
     <span class='ocr_line' id='line_1_1' title="bbox 892 213 1424 255; baseline 0.002 -2"><span class='ocrx_word' id='word_1_1' title='bbox 892 213 1024 255; x_wconf 88' lang='lat' dir='ltr'>VOX</span> <span class='ocrx_word' id='word_1_2' title='bbox 1064 213 1424 255; x_wconf 87' lang='lat' dir='ltr'>CLAMANTIS</span> 
     </span>
    </p>
   </div>
   <div class='ocr_carea' id='block_1_2' title="bbox 531 318 1895 694">
    <p class='ocr_par' dir='ltr' id='par_1_2' title="bbox 536 318 1748 369">
     <span class='ocr_line' id='line_1_2' title="bbox 536 318 1748 369; baseline -0.002 -10"><span class='ocrx_word' id='word_1_3' title='bbox 536 322 629 359; x_wconf 88' lang='lat' dir='ltr'>Non</span> <span class='ocrx_word' id='word_1_4' title='bbox 659 327 717 359; x_wconf 89' lang='lat' dir='ltr'>est</span> <span class='ocrx_word' id='word_1_5' title='bbox 746 327 904 359; x_wconf 83' lang='lat' dir='ltr'>sanctus</span> <span class='ocrx_word' id='word_1_6' title='bbox 933 327 973 357; x_wconf 90' lang='lat' dir='ltr'>vt</span> <span class='ocrx_word' id='word_1_7' title='bbox 1002 320 1067 358; x_wconf 86' lang='lat' dir='ltr'>hic</span> <span class='ocrx_word' id='word_1_8' title='bbox 1097 319 1295 366; x_wconf 85' lang='lat' dir='ltr'>dominus,</span> <span class='ocrx_word' id='word_1_9' title='bbox 1328 319 1395 369; x_wconf 86' lang='lat' dir='ltr'>qui</span> <span class='ocrx_word' id='word_1_10' title='bbox 1425 319 1532 357; x_wconf 88' lang='lat' dir='ltr'>solus</span> <span class='ocrx_word' id='word_1_11' title='bbox 1560 318 1612 357; x_wconf 87' lang='lat' dir='ltr'>ab</span> <span class='ocrx_word' id='word_1_12' title='bbox 1640 320 1748 357; x_wconf 90' lang='lat' dir='ltr'>omni</span> 
     </span>
    </p>

    <p class='ocr_par' dir='ltr' id='par_1_3' title="bbox 533 384 1895 498">
     <span class='ocr_line' id='line_1_3' title="bbox 535 384 1895 433; baseline -0.001 -9"><span class='ocrx_word' id='word_1_13' title='bbox 535 386 644 424; x_wconf 83' lang='lat' dir='ltr'>Labe</span> <span class='ocrx_word' id='word_1_14' title='bbox 673 386 745 423; x_wconf 90' lang='lat' dir='ltr'>fuit</span> <span class='ocrx_word' id='word_1_15' title='bbox 774 385 959 431; x_wconf 87' lang='lat' dir='ltr'>mundus,</span> <span class='ocrx_word' id='word_1_16' title='bbox 991 384 1321 433; x_wconf 81' lang='lat' dir='ltr'>sanctificansque</span> <span class='ocrx_word' id='word_1_17' title='bbox 1350 396 1447 422; x_wconf 89' lang='lat' dir='ltr'>reos.</span> <span class='ocrx_word' id='word_1_18' title='bbox 1829 400 1895 433; x_wconf 73' lang='lat'>490</span> 
     </span>
     <span class='ocr_line' id='line_1_4' title="bbox 533 449 1683 498; baseline -0.002 -9"><span class='ocrx_word' id='word_1_19' title='bbox 533 452 586 489; x_wconf 84' lang='lat' dir='ltr'>Et</span> <span class='ocrx_word' id='word_1_20' title='bbox 616 451 689 489; x_wconf 88' lang='lat' dir='ltr'>nisi</span> <span class='ocrx_word' id='word_1_21' title='bbox 719 457 760 488; x_wconf 90' lang='lat' dir='ltr'>tu</span> <span class='ocrx_word' id='word_1_22' title='bbox 793 462 873 487; x_wconf 92' lang='lat' dir='ltr'>non</span> <span class='ocrx_word' id='word_1_23' title='bbox 904 455 963 487; x_wconf 87' lang='lat' dir='ltr'>est</span> <span class='ocrx_word' id='word_1_24' title='bbox 991 449 1101 496; x_wconf 88' lang='lat' dir='ltr'>alius,</span> <span class='ocrx_word' id='word_1_25' title='bbox 1133 449 1226 498; x_wconf 80' lang='lat' dir='ltr'>quia</span> <span class='ocrx_word' id='word_1_26' title='bbox 1256 455 1363 487; x_wconf 92' lang='lat' dir='ltr'>sunt</span> <span class='ocrx_word' id='word_1_27' title='bbox 1392 449 1514 487; x_wconf 85' lang='lat' dir='ltr'>nichil</span> <span class='ocrx_word' id='word_1_28' title='bbox 1544 461 1683 487; x_wconf 88' lang='lat' dir='ltr'>omnes</span> 
     </span>
    </p>

    <p class='ocr_par' dir='ltr' id='par_1_4' title="bbox 533 514 1391 564">
     <span class='ocr_line' id='line_1_5' title="bbox 533 514 1391 564; baseline -0.002 -11"><span class='ocrx_word' id='word_1_29' title='bbox 533 516 604 554; x_wconf 93' lang='lat' dir='ltr'>Hii</span> <span class='ocrx_word' id='word_1_30' title='bbox 635 528 735 564; x_wconf 87' lang='lat' dir='ltr'>quos</span> <span class='ocrx_word' id='word_1_31' title='bbox 766 515 954 552; x_wconf 82' lang='lat' dir='ltr'>mentitur</span> <span class='ocrx_word' id='word_1_32' title='bbox 982 526 1100 552; x_wconf 83' lang='lat' dir='ltr'>aurea</span> <span class='ocrx_word' id='word_1_33' title='bbox 1129 514 1254 552; x_wconf 86' lang='lat' dir='ltr'>forma</span> <span class='ocrx_word' id='word_1_34' title='bbox 1283 514 1391 552; x_wconf 86' lang='lat' dir='ltr'>deos.</span> 
     </span>
    </p>

    <p class='ocr_par' dir='ltr' id='par_1_5' title="bbox 532 579 1551 629">
     <span class='ocr_line' id='line_1_6' title="bbox 532 579 1551 629; baseline -0.001 -11"><span class='ocrx_word' id='word_1_35' title='bbox 532 581 596 619; x_wconf 89' lang='lat' dir='ltr'>Sic</span> <span class='ocrx_word' id='word_1_36' title='bbox 625 579 716 617; x_wconf 86' lang='lat' dir='ltr'>beat</span> <span class='ocrx_word' id='word_1_37' title='bbox 747 579 913 617; x_wconf 82' lang='lat' dir='ltr'>ecclesia</span> <span class='ocrx_word' id='word_1_38' title='bbox 942 591 1014 617; x_wconf 87' lang='lat' dir='ltr'>nos</span> <span class='ocrx_word' id='word_1_39' title='bbox 1043 591 1112 628; x_wconf 92' lang='lat' dir='ltr'>per</span> <span class='ocrx_word' id='word_1_40' title='bbox 1141 585 1179 617; x_wconf 90' lang='lat' dir='ltr'>te</span> <span class='ocrx_word' id='word_1_41' title='bbox 1209 580 1313 629; x_wconf 80' lang='lat' dir='ltr'>larga</span> <span class='ocrx_word' id='word_1_42' title='bbox 1342 579 1551 627; x_wconf 91' lang='lat' dir='ltr'>bonorum,</span> 
     </span>
    </p>

    <p class='ocr_par' dir='ltr' id='par_1_6' title="bbox 531 643 1349 694">
     <span class='ocr_line' id='line_1_7' title="bbox 531 643 1349 694; baseline 0 -11"><span class='ocrx_word' id='word_1_43' title='bbox 531 646 582 684; x_wconf 89' lang='lat' dir='ltr'>Et</span> <span class='ocrx_word' id='word_1_44' title='bbox 612 646 808 694; x_wconf 85' lang='lat' dir='ltr'>Sinagoga</span> <span class='ocrx_word' id='word_1_45' title='bbox 838 644 917 682; x_wconf 90' lang='lat' dir='ltr'>suis</span> <span class='ocrx_word' id='word_1_46' title='bbox 947 651 1005 682; x_wconf 88' lang='lat' dir='ltr'>est</span> <span class='ocrx_word' id='word_1_47' title='bbox 1035 643 1194 683; x_wconf 87' lang='lat' dir='ltr'>viduata</span> <span class='ocrx_word' id='word_1_48' title='bbox 1224 643 1349 683; x_wconf 90' lang='lat' dir='ltr'>bonis.</span> 
     </span>
    </p>
   </div>
   <div class='ocr_carea' id='block_1_3' title="bbox 417 807 1895 1026">
    <p class='ocr_par' dir='ltr' id='par_1_7' title="bbox 417 807 1895 1026">
     <span class='ocr_line' id='line_1_8' title="bbox 466 807 1893 851; baseline 0 -10"><span class='ocrx_word' id='word_1_49' title='bbox 466 807 544 842; x_wconf 90' lang='lat' dir='ltr'>Hic</span> <span class='ocrx_word' id='word_1_50' title='bbox 570 810 729 843; x_wconf 82' lang='lat' dir='ltr'>tractat</span> <span class='ocrx_word' id='word_1_51' title='bbox 755 809 863 851; x_wconf 85' lang='lat' dir='ltr'>quod</span> <span class='ocrx_word' id='word_1_52' title='bbox 898 808 942 842; x_wconf 91' lang='lat' dir='ltr'>in</span> <span class='ocrx_word' id='word_1_53' title='bbox 968 818 1012 842; x_wconf 89' lang='lat' dir='ltr'>re</span> <span class='ocrx_word' id='word_1_54' title='bbox 1038 807 1220 851; x_wconf 81' lang='lat' dir='ltr'><strong>sculptili</strong></span> <span class='ocrx_word' id='word_1_55' title='bbox 1253 809 1321 842; x_wconf 89' lang='lat' dir='ltr'>vel</span> <span class='ocrx_word' id='word_1_56' title='bbox 1357 808 1560 843; x_wconf 84' lang='lat' dir='ltr'>conflatili</span> <span class='ocrx_word' id='word_1_57' title='bbox 1588 818 1676 843; x_wconf 88' lang='lat' dir='ltr'>non</span> <span class='ocrx_word' id='word_1_58' title='bbox 1704 810 1772 844; x_wconf 86' lang='lat' dir='ltr'>est</span> <span class='ocrx_word' id='word_1_59' title='bbox 1802 818 1893 843; x_wconf 92' lang='lat' dir='ltr'>con·</span> 
     </span>
     <span class='ocr_line' id='line_1_9' title="bbox 417 865 1895 910; baseline 0.001 -11"><span class='ocrx_word' id='word_1_60' title='bbox 417 865 635 907; x_wconf 89' lang='lat' dir='ltr'>fidendum,</span> <span class='ocrx_word' id='word_1_61' title='bbox 669 877 746 901; x_wconf 88' lang='lat' dir='ltr'>nee</span> <span class='ocrx_word' id='word_1_62' title='bbox 781 868 911 901; x_wconf 84' lang='lat' dir='ltr'>eciam</span> <span class='ocrx_word' id='word_1_63' title='bbox 945 867 1051 902; x_wconf 83' lang='lat' dir='ltr'>talia</span> <span class='ocrx_word' id='word_1_64' title='bbox 1083 867 1254 901; x_wconf 85' lang='lat' dir='ltr'>adorari</span> <span class='ocrx_word' id='word_1_65' title='bbox 1286 867 1458 910; x_wconf 79' lang='lat' dir='ltr'>debent3</span> <span class='ocrx_word' id='word_1_66' title='bbox 1497 868 1563 902; x_wconf 79' lang='lat' dir='ltr'>set</span> <span class='ocrx_word' id='word_1_67' title='bbox 1597 867 1706 910; x_wconf 86' lang='lat' dir='ltr'>quod</span> <span class='ocrx_word' id='word_1_68' title='bbox 1733 877 1784 901; x_wconf 88' lang='lat' dir='ltr'>ex</span> <span class='ocrx_word' id='word_1_69' title='bbox 1811 867 1895 901; x_wconf 84' lang='lat' dir='ltr'>illis</span> 
     </span>
     <span class='ocr_line' id='line_1_10' title="bbox 419 925 1893 961; baseline 0.001 -3"><span class='ocrx_word' id='word_1_70' title='bbox 419 925 461 958; x_wconf 88' lang='lat' dir='ltr'>in</span> <span class='ocrx_word' id='word_1_71' title='bbox 488 925 666 961; x_wconf 84' lang='lat' dir='ltr'>ecclesia</span> <span class='ocrx_word' id='word_1_72' title='bbox 715 926 825 960; x_wconf 85' lang='lat' dir='ltr'>visis</span> <span class='ocrx_word' id='word_1_73' title='bbox 873 936 992 961; x_wconf 87' lang='lat' dir='ltr'>mens</span> <span class='ocrx_word' id='word_1_74' title='bbox 1038 935 1226 960; x_wconf 86' lang='lat' dir='ltr'>remorsa</span> <span class='ocrx_word' id='word_1_75' title='bbox 1275 925 1329 959; x_wconf 87' lang='lat' dir='ltr'>ad</span> <span class='ocrx_word' id='word_1_76' title='bbox 1377 926 1512 960; x_wconf 83' lang='lat' dir='ltr'>solum</span> <span class='ocrx_word' id='word_1_77' title='bbox 1559 925 1679 960; x_wconf 85' lang='lat' dir='ltr'>deum</span> <span class='ocrx_word' id='word_1_78' title='bbox 1716 927 1893 960; x_wconf 88' lang='lat' dir='ltr'>contem-</span> 
     </span>
     <span class='ocr_line' id='line_1_11' title="bbox 418 984 1125 1026; baseline -0.003 -8"><span class='ocrx_word' id='word_1_79' title='bbox 418 984 618 1026; x_wconf 84' lang='lat' dir='ltr'>plandum</span> <span class='ocrx_word' id='word_1_80' title='bbox 645 985 773 1019; x_wconf 86' lang='lat' dir='ltr'>cicius</span> <span class='ocrx_word' id='word_1_81' title='bbox 800 986 1125 1019; x_wconf 80' lang='lat' dir='ltr'><strong>commoneatur.</strong></span> 
     </span>
    </p>
   </div>
   <div class='ocr_carea' id='block_1_4' title="bbox 316 1062 502 1112">
    <p class='ocr_par' dir='ltr' id='par_1_8' title="bbox 316 1062 502 1112">
     <span class='ocr_line' id='line_1_12' title="bbox 316 1062 502 1112; baseline 0.016 -12"><span class='ocrx_word' id='word_1_82' title='bbox 316 1062 444 1112; x_wconf 76' lang='lat' dir='ltr'>Capm.</span> <span class='ocrx_word' id='word_1_83' title='bbox 468 1078 502 1103; x_wconf 84' lang='lat' dir='ltr'>x.</span> 
     </span>
    </p>
   </div>
   <div class='ocr_carea' id='block_1_5' title="bbox 525 1064 1896 2804">
    <p class='ocr_par' dir='ltr' id='par_1_9' title="bbox 525 1064 1896 2804">
     <span class='ocr_line' id='line_1_13' title="bbox 589 1064 1644 1115; baseline -0.003 -11"><span class='ocrx_word' id='word_1_84' title='bbox 589 1065 625 1104; x_wconf 91' lang='lat' dir='ltr'>O</span> <span class='ocrx_word' id='word_1_85' title='bbox 655 1065 866 1104; x_wconf 85' lang='lat' dir='ltr'>maledicta</span> <span class='ocrx_word' id='word_1_86' title='bbox 894 1065 971 1103; x_wconf 90' lang='lat' dir='ltr'>deo</span> <span class='ocrx_word' id='word_1_87' title='bbox 999 1077 1095 1115; x_wconf 89' lang='lat' dir='ltr'>gens</span> <span class='ocrx_word' id='word_1_88' title='bbox 1126 1064 1285 1114; x_wconf 87' lang='lat' dir='ltr'>perfida,</span> <span class='ocrx_word' id='word_1_89' title='bbox 1318 1076 1462 1114; x_wconf 92' lang='lat' dir='ltr'>nempe</span> <span class='ocrx_word' id='word_1_90' title='bbox 1491 1064 1644 1114; x_wconf 87' lang='lat' dir='ltr'>pagani,</span> 
     </span>
     <span class='ocr_line' id='line_1_14' title="bbox 527 1130 1454 1178; baseline -0.001 -10"><span class='ocrx_word' id='word_1_91' title='bbox 527 1130 640 1178; x_wconf 88' lang='lat' dir='ltr'>Quos</span> <span class='ocrx_word' id='word_1_92' title='bbox 669 1131 922 1169; x_wconf 80' lang='lat' dir='ltr'>incredulitas</span> <span class='ocrx_word' id='word_1_93' title='bbox 953 1143 1034 1168; x_wconf 91' lang='lat' dir='ltr'>non</span> <span class='ocrx_word' id='word_1_94' title='bbox 1056 1130 1148 1168; x_wconf 89' lang='lat' dir='ltr'>sinit</span> <span class='ocrx_word' id='word_1_95' title='bbox 1177 1142 1263 1168; x_wconf 89' lang='lat' dir='ltr'>esse</span> <span class='ocrx_word' id='word_1_96' title='bbox 1293 1142 1454 1178; x_wconf 80' lang='lat' dir='ltr'>sacros3</span> 
     </span>
     <span class='ocr_line' id='line_1_15' title="bbox 526 1195 1605 1245; baseline 0.002 -14"><span class='ocrx_word' id='word_1_97' title='bbox 526 1195 650 1233; x_wconf 87' lang='lat' dir='ltr'>Recta</span> <span class='ocrx_word' id='word_1_98' title='bbox 680 1196 777 1234; x_wconf 83' lang='lat' dir='ltr'>fides</span> <span class='ocrx_word' id='word_1_99' title='bbox 807 1195 924 1234; x_wconf 87' lang='lat' dir='ltr'>Cristi</span> <span class='ocrx_word' id='word_1_100' title='bbox 954 1207 1054 1245; x_wconf 89' lang='lat' dir='ltr'>quos</span> <span class='ocrx_word' id='word_1_101' title='bbox 1085 1195 1228 1239; x_wconf 90' lang='lat' dir='ltr'>horret,</span> <span class='ocrx_word' id='word_1_102' title='bbox 1258 1207 1351 1233; x_wconf 88' lang='lat' dir='ltr'>nam</span> <span class='ocrx_word' id='word_1_103' title='bbox 1381 1195 1467 1233; x_wconf 87' lang='lat' dir='ltr'>sine</span> <span class='ocrx_word' id='word_1_104' title='bbox 1496 1201 1605 1233; x_wconf 88' lang='lat' dir='ltr'>recto</span> 
     </span>
     <span class='ocr_line' id='line_1_16' title="bbox 525 1261 1295 1310; baseline -0.001 -12"><span class='ocrx_word' id='word_1_105' title='bbox 525 1261 616 1298; x_wconf 91' lang='lat' dir='ltr'>Iure</span> <span class='ocrx_word' id='word_1_106' title='bbox 644 1261 828 1299; x_wconf 84' lang='lat' dir='ltr'>creatoris</span> <span class='ocrx_word' id='word_1_107' title='bbox 857 1261 962 1310; x_wconf 89' lang='lat' dir='ltr'>ligna</span> <span class='ocrx_word' id='word_1_108' title='bbox 990 1267 1119 1298; x_wconf 88' lang='lat' dir='ltr'>creata</span> <span class='ocrx_word' id='word_1_109' title='bbox 1148 1261 1295 1298; x_wconf 88' lang='lat' dir='ltr'>colunt.</span> 
     </span>
     <span class='ocr_line' id='line_1_17' title="bbox 525 1325 1458 1374; baseline -0.001 -11"><span class='ocrx_word' id='word_1_110' title='bbox 525 1326 760 1363; x_wconf 89' lang='lat' dir='ltr'>Incuruatur</span> <span class='ocrx_word' id='word_1_111' title='bbox 789 1326 921 1372; x_wconf 89' lang='lat' dir='ltr'>homo,</span> <span class='ocrx_word' id='word_1_112' title='bbox 954 1338 1039 1363; x_wconf 88' lang='lat' dir='ltr'>sese</span> <span class='ocrx_word' id='word_1_113' title='bbox 1068 1325 1290 1374; x_wconf 84' lang='lat' dir='ltr'>prosternit,</span> <span class='ocrx_word' id='word_1_114' title='bbox 1321 1325 1458 1363; x_wconf 87' lang='lat' dir='ltr'>adorat</span> 
     </span>
     <span class='ocr_line' id='line_1_18' title="bbox 526 1390 1896 1441; baseline 0 -13"><span class='ocrx_word' id='word_1_115' title='bbox 526 1392 662 1441; x_wconf 85' lang='lat' dir='ltr'>Ligna,</span> <span class='ocrx_word' id='word_1_116' title='bbox 694 1392 879 1430; x_wconf 84' lang='lat' dir='ltr'>creatoris</span> <span class='ocrx_word' id='word_1_117' title='bbox 909 1392 1105 1428; x_wconf 87' lang='lat' dir='ltr'>inmemor</span> <span class='ocrx_word' id='word_1_118' title='bbox 1135 1390 1219 1440; x_wconf 87' lang='lat' dir='ltr'>ipse</span> <span class='ocrx_word' id='word_1_119' title='bbox 1249 1391 1320 1428; x_wconf 87' lang='lat' dir='ltr'>sui.</span> <span class='ocrx_word' id='word_1_120' title='bbox 1831 1403 1896 1436; x_wconf 86' lang='lat'>500</span> 
     </span>
     <span class='ocr_line' id='line_1_19' title="bbox 527 1456 1629 1507; baseline 0 -13"><span class='ocrx_word' id='word_1_121' title='bbox 527 1457 652 1507; x_wconf 84' lang='lat' dir='ltr'>Ligna</span> <span class='ocrx_word' id='word_1_122' title='bbox 681 1457 766 1504; x_wconf 86' lang='lat' dir='ltr'>sibi,</span> <span class='ocrx_word' id='word_1_123' title='bbox 798 1457 960 1506; x_wconf 76' lang='lat' dir='ltr'>lapides,</span> <span class='ocrx_word' id='word_1_124' title='bbox 994 1469 1070 1506; x_wconf 85' lang='lat' dir='ltr'>que</span> <span class='ocrx_word' id='word_1_125' title='bbox 1099 1456 1224 1494; x_wconf 86' lang='lat' dir='ltr'>cernit</span> <span class='ocrx_word' id='word_1_126' title='bbox 1252 1456 1435 1506; x_wconf 82' lang='lat' dir='ltr'>ymagine</span> <span class='ocrx_word' id='word_1_127' title='bbox 1464 1456 1629 1506; x_wconf 84' lang='lat' dir='ltr'>sculpta,</span> 
     </span>
     <span class='ocr_line' id='line_1_20' title="bbox 527 1521 1461 1571; baseline 0 -12"><span class='ocrx_word' id='word_1_128' title='bbox 527 1521 748 1570; x_wconf 84' lang='lat' dir='ltr'>Quodlibet</span> <span class='ocrx_word' id='word_1_129' title='bbox 777 1523 860 1571; x_wconf 89' lang='lat' dir='ltr'>ipse</span> <span class='ocrx_word' id='word_1_130' title='bbox 890 1534 1006 1560; x_wconf 86' lang='lat' dir='ltr'>suurn</span> <span class='ocrx_word' id='word_1_131' title='bbox 1036 1522 1184 1559; x_wconf 83' lang='lat' dir='ltr'>iactitat</span> <span class='ocrx_word' id='word_1_132' title='bbox 1214 1534 1300 1559; x_wconf 86' lang='lat' dir='ltr'>esse</span> <span class='ocrx_word' id='word_1_133' title='bbox 1329 1521 1461 1559; x_wconf 90' lang='lat' dir='ltr'>deum.</span> 
     </span>
     <span class='ocr_line' id='line_1_21' title="bbox 527 1586 1594 1636; baseline -0.002 -11"><span class='ocrx_word' id='word_1_134' title='bbox 527 1587 660 1635; x_wconf 87' lang='lat' dir='ltr'>Quem</span> <span class='ocrx_word' id='word_1_135' title='bbox 690 1587 789 1625; x_wconf 88' lang='lat' dir='ltr'>deus</span> <span class='ocrx_word' id='word_1_136' title='bbox 819 1587 949 1634; x_wconf 82' lang='lat' dir='ltr'>erexit,</span> <span class='ocrx_word' id='word_1_137' title='bbox 982 1599 1130 1636; x_wconf 89' lang='lat' dir='ltr'>pronus</span> <span class='ocrx_word' id='word_1_138' title='bbox 1159 1587 1259 1624; x_wconf 88' lang='lat' dir='ltr'>iacet</span> <span class='ocrx_word' id='word_1_139' title='bbox 1288 1593 1380 1624; x_wconf 87' lang='lat' dir='ltr'>ante</span> <span class='ocrx_word' id='word_1_140' title='bbox 1409 1586 1594 1634; x_wconf 86' lang='lat' dir='ltr'>fauillam,</span> 
     </span>
     <span class='ocr_line' id='line_1_22' title="bbox 527 1651 1467 1701; baseline -0.002 -11"><span class='ocrx_word' id='word_1_141' title='bbox 527 1652 579 1690; x_wconf 92' lang='lat' dir='ltr'>Et</span> <span class='ocrx_word' id='word_1_142' title='bbox 609 1653 803 1701; x_wconf 87' lang='lat' dir='ltr'>sculptam</span> <span class='ocrx_word' id='word_1_143' title='bbox 834 1658 1004 1690; x_wconf 85' lang='lat' dir='ltr'>statuam</span> <span class='ocrx_word' id='word_1_144' title='bbox 1035 1651 1176 1700; x_wconf 86' lang='lat' dir='ltr'>stipitis</span> <span class='ocrx_word' id='word_1_145' title='bbox 1205 1657 1290 1689; x_wconf 88' lang='lat' dir='ltr'>orat</span> <span class='ocrx_word' id='word_1_146' title='bbox 1319 1651 1441 1689; x_wconf 89' lang='lat' dir='ltr'>homo</span> <span class='ocrx_word' id='word_1_147' title='bbox 1457 1665 1467 1699; x_wconf 80' lang='lat'><em>3</em></span> 
     </span>
     <span class='ocr_line' id='line_1_23' title="bbox 527 1716 1600 1766; baseline -0.002 -11"><span class='ocrx_word' id='word_1_148' title='bbox 527 1717 623 1756; x_wconf 83' lang='lat' dir='ltr'>Orat</span> <span class='ocrx_word' id='word_1_149' title='bbox 652 1730 782 1766; x_wconf 85' lang='lat' dir='ltr'>opem,</span> <span class='ocrx_word' id='word_1_150' title='bbox 813 1718 910 1766; x_wconf 85' lang='lat' dir='ltr'>petit</span> <span class='ocrx_word' id='word_1_151' title='bbox 940 1717 1139 1764; x_wconf 85' lang='lat' dir='ltr'>auxilium,</span> <span class='ocrx_word' id='word_1_152' title='bbox 1172 1729 1246 1754; x_wconf 91' lang='lat' dir='ltr'>nec</span> <span class='ocrx_word' id='word_1_153' title='bbox 1276 1723 1385 1754; x_wconf 84' lang='lat' dir='ltr'>muta</span> <span class='ocrx_word' id='word_1_154' title='bbox 1413 1716 1600 1764; x_wconf 87' lang='lat' dir='ltr'>resantur‚</span> 
     </span>
     <span class='ocr_line' id='line_1_24' title="bbox 527 1782 1547 1831; baseline 0 -11"><span class='ocrx_word' id='word_1_155' title='bbox 527 1783 705 1820; x_wconf 87' lang='lat' dir='ltr'>Postulat</span> <span class='ocrx_word' id='word_1_156' title='bbox 735 1790 772 1820; x_wconf 92' lang='lat' dir='ltr'>et</span> <span class='ocrx_word' id='word_1_157' title='bbox 802 1782 987 1820; x_wconf 86' lang='lat' dir='ltr'>manibus</span> <span class='ocrx_word' id='word_1_158' title='bbox 1017 1794 1117 1831; x_wconf 88' lang='lat' dir='ltr'>quos</span> <span class='ocrx_word' id='word_1_159' title='bbox 1147 1788 1252 1819; x_wconf 88' lang='lat' dir='ltr'>creat</span> <span class='ocrx_word' id='word_1_160' title='bbox 1281 1782 1365 1830; x_wconf 87' lang='lat' dir='ltr'>ipsa</span> <span class='ocrx_word' id='word_1_161' title='bbox 1395 1794 1547 1820; x_wconf 87' lang='lat' dir='ltr'>manus.</span> 
     </span>
     <span class='ocr_line' id='line_1_25' title="bbox 528 1847 1483 1896; baseline 0 -12"><span class='ocrx_word' id='word_1_162' title='bbox 528 1847 660 1896; x_wconf 86' lang='lat' dir='ltr'>Quam</span> <span class='ocrx_word' id='word_1_163' title='bbox 689 1847 803 1884; x_wconf 89' lang='lat' dir='ltr'>vacui</span> <span class='ocrx_word' id='word_1_164' title='bbox 833 1859 971 1885; x_wconf 86' lang='lat' dir='ltr'>sensus</span> <span class='ocrx_word' id='word_1_165' title='bbox 1002 1854 1059 1884; x_wconf 84' lang='lat' dir='ltr'>est</span> <span class='ocrx_word' id='word_1_166' title='bbox 1090 1854 1127 1884; x_wconf 90' lang='lat' dir='ltr'>et</span> <span class='ocrx_word' id='word_1_167' title='bbox 1157 1847 1326 1884; x_wconf 81' lang='lat' dir='ltr'>racionis</span> <span class='ocrx_word' id='word_1_168' title='bbox 1356 1847 1483 1896; x_wconf 89' lang='lat' dir='ltr'>egeni,</span> 
     </span>
     <span class='ocr_line' id='line_1_26' title="bbox 527 1911 1502 1960; baseline 0 -10"><span class='ocrx_word' id='word_1_169' title='bbox 527 1912 650 1960; x_wconf 84' lang='lat' dir='ltr'>Quod</span> <span class='ocrx_word' id='word_1_170' title='bbox 679 1912 866 1950; x_wconf 86' lang='lat' dir='ltr'>dominus</span> <span class='ocrx_word' id='word_1_171' title='bbox 896 1925 1025 1950; x_wconf 84' lang='lat' dir='ltr'>rerum</span> <span class='ocrx_word' id='word_1_172' title='bbox 1056 1924 1117 1950; x_wconf 88' lang='lat' dir='ltr'>res</span> <span class='ocrx_word' id='word_1_173' title='bbox 1146 1912 1238 1950; x_wconf 84' lang='lat' dir='ltr'>facit</span> <span class='ocrx_word' id='word_1_174' title='bbox 1268 1924 1353 1949; x_wconf 87' lang='lat' dir='ltr'>esse</span> <span class='ocrx_word' id='word_1_175' title='bbox 1382 1911 1502 1950; x_wconf 86' lang='lat' dir='ltr'>deos!</span> 
     </span>
     <span class='ocr_line' id='line_1_27' title="bbox 581 1977 1486 2027; baseline -0.001 -12"><span class='ocrx_word' id='word_1_176' title='bbox 581 1977 618 2016; x_wconf 93' lang='lat' dir='ltr'>O</span> <span class='ocrx_word' id='word_1_177' title='bbox 649 1977 873 2027; x_wconf 86' lang='lat' dir='ltr'>perturbate</span> <span class='ocrx_word' id='word_1_178' title='bbox 902 1978 1045 2015; x_wconf 90' lang='lat' dir='ltr'>mentis</span> <span class='ocrx_word' id='word_1_179' title='bbox 1075 1977 1324 2015; x_wconf 86' lang='lat' dir='ltr'>reminiscere</span> <span class='ocrx_word' id='word_1_180' title='bbox 1354 1989 1486 2026; x_wconf 86' lang='lat' dir='ltr'>pensa,</span> 
     </span>
     <span class='ocr_line' id='line_1_28' title="bbox 528 2042 1894 2092; baseline 0.001 -12"><span class='ocrx_word' id='word_1_181' title='bbox 528 2042 653 2081; x_wconf 89' lang='lat' dir='ltr'>Cuius</span> <span class='ocrx_word' id='word_1_182' title='bbox 684 2050 764 2080; x_wconf 77' lang='lat' dir='ltr'>erat</span> <span class='ocrx_word' id='word_1_183' title='bbox 794 2044 922 2092; x_wconf 88' lang='lat' dir='ltr'>primo</span> <span class='ocrx_word' id='word_1_184' title='bbox 952 2043 1200 2080; x_wconf 86' lang='lat' dir='ltr'>condicionis</span> <span class='ocrx_word' id='word_1_185' title='bbox 1229 2043 1377 2081; x_wconf 91' lang='lat' dir='ltr'>homo:</span> <span class='ocrx_word' id='word_1_186' title='bbox 1829 2058 1894 2090; x_wconf 86' lang='lat'>510</span> 
     </span>
     <span class='ocr_line' id='line_1_29' title="bbox 527 2107 1600 2156; baseline 0 -12"><span class='ocrx_word' id='word_1_187' title='bbox 527 2107 593 2145; x_wconf 90' lang='lat' dir='ltr'>Ad</span> <span class='ocrx_word' id='word_1_188' title='bbox 623 2115 797 2145; x_wconf 88' lang='lat' dir='ltr'>mentem</span> <span class='ocrx_word' id='word_1_189' title='bbox 828 2120 971 2145; x_wconf 84' lang='lat' dir='ltr'>reuoca</span> <span class='ocrx_word' id='word_1_190' title='bbox 1000 2108 1170 2154; x_wconf 83' lang='lat' dir='ltr'>titulum,</span> <span class='ocrx_word' id='word_1_191' title='bbox 1201 2119 1282 2156; x_wconf 86' lang='lat' dir='ltr'>quo</span> <span class='ocrx_word' id='word_1_192' title='bbox 1311 2114 1349 2145; x_wconf 90' lang='lat' dir='ltr'>te</span> <span class='ocrx_word' id='word_1_193' title='bbox 1378 2107 1476 2145; x_wconf 88' lang='lat' dir='ltr'>deus</span> <span class='ocrx_word' id='word_1_194' title='bbox 1506 2107 1600 2145; x_wconf 91' lang='lat' dir='ltr'>olim</span> 
     </span>
     <span class='ocr_line' id='line_1_30' title="bbox 530 2171 1353 2221; baseline -0.001 -12"><span class='ocrx_word' id='word_1_195' title='bbox 530 2171 732 2221; x_wconf 86' lang='lat' dir='ltr'>Insignem</span> <span class='ocrx_word' id='word_1_196' title='bbox 762 2172 867 2219; x_wconf 77' lang='lat' dir='ltr'>fecit,</span> <span class='ocrx_word' id='word_1_197' title='bbox 896 2184 986 2209; x_wconf 90' lang='lat' dir='ltr'>cum</span> <span class='ocrx_word' id='word_1_198' title='bbox 1017 2172 1128 2210; x_wconf 90' lang='lat' dir='ltr'>dedit</span> <span class='ocrx_word' id='word_1_199' title='bbox 1157 2184 1242 2209; x_wconf 87' lang='lat' dir='ltr'>esse</span> <span class='ocrx_word' id='word_1_200' title='bbox 1271 2172 1353 2209; x_wconf 88' lang='lat' dir='ltr'>tibi.</span> 
     </span>
     <span class='ocr_line' id='line_1_31' title="bbox 529 2236 1534 2286; baseline 0 -12"><span class='ocrx_word' id='word_1_201' title='bbox 529 2237 677 2274; x_wconf 90' lang='lat' dir='ltr'>Nonne</span> <span class='ocrx_word' id='word_1_202' title='bbox 707 2237 778 2274; x_wconf 81' lang='lat' dir='ltr'>fuit</span> <span class='ocrx_word' id='word_1_203' title='bbox 809 2237 935 2286; x_wconf 88' lang='lat' dir='ltr'>primo</span> <span class='ocrx_word' id='word_1_204' title='bbox 965 2243 1071 2274; x_wconf 86' lang='lat' dir='ltr'>totus</span> <span class='ocrx_word' id='word_1_205' title='bbox 1101 2236 1172 2274; x_wconf 89' lang='lat' dir='ltr'>tibi</span> <span class='ocrx_word' id='word_1_206' title='bbox 1202 2237 1387 2274; x_wconf 88' lang='lat' dir='ltr'>conditus</span> <span class='ocrx_word' id='word_1_207' title='bbox 1417 2236 1534 2284; x_wconf 89' lang='lat' dir='ltr'>orbis,</span> 
     </span>
     <span class='ocr_line' id='line_1_32' title="bbox 529 2301 1360 2351; baseline -0.001 -12"><span class='ocrx_word' id='word_1_208' title='bbox 529 2301 795 2351; x_wconf 84' lang='lat' dir='ltr'>Subiecteque</span> <span class='ocrx_word' id='word_1_209' title='bbox 824 2302 900 2339; x_wconf 90' lang='lat' dir='ltr'>tuis</span> <span class='ocrx_word' id='word_1_210' title='bbox 930 2301 1092 2339; x_wconf 86' lang='lat' dir='ltr'>nutibus</span> <span class='ocrx_word' id='word_1_211' title='bbox 1122 2301 1205 2338; x_wconf 87' lang='lat' dir='ltr'>eius</span> <span class='ocrx_word' id='word_1_212' title='bbox 1235 2302 1360 2350; x_wconf 89' lang='lat' dir='ltr'>opes?</span> 
     </span>
     <span class='ocr_line' id='line_1_33' title="bbox 533 2365 1626 2414; baseline 0 -10"><span class='ocrx_word' id='word_1_213' title='bbox 533 2367 627 2404; x_wconf 92' lang='lat' dir='ltr'>Non</span> <span class='ocrx_word' id='word_1_214' title='bbox 658 2366 729 2404; x_wconf 85' lang='lat' dir='ltr'>fuit</span> <span class='ocrx_word' id='word_1_215' title='bbox 757 2367 808 2404; x_wconf 84' lang='lat' dir='ltr'>ad</span> <span class='ocrx_word' id='word_1_216' title='bbox 839 2367 1000 2413; x_wconf 89' lang='lat' dir='ltr'>cultum,</span> <span class='ocrx_word' id='word_1_217' title='bbox 1032 2366 1157 2403; x_wconf 86' lang='lat' dir='ltr'>factus</span> <span class='ocrx_word' id='word_1_218' title='bbox 1185 2366 1258 2403; x_wconf 84' lang='lat' dir='ltr'>fuit</span> <span class='ocrx_word' id='word_1_219' title='bbox 1287 2365 1392 2404; x_wconf 88' lang='lat' dir='ltr'>orbis</span> <span class='ocrx_word' id='word_1_220' title='bbox 1421 2366 1473 2404; x_wconf 87' lang='lat' dir='ltr'>ad</span> <span class='ocrx_word' id='word_1_221' title='bbox 1501 2379 1626 2414; x_wconf 91' lang='lat' dir='ltr'>vsum,</span> 
     </span>
     <span class='ocr_line' id='line_1_34' title="bbox 531 2431 1415 2478; baseline -0.001 -9"><span class='ocrx_word' id='word_1_222' title='bbox 531 2432 629 2469; x_wconf 88' lang='lat' dir='ltr'>Esse</span> <span class='ocrx_word' id='word_1_223' title='bbox 658 2438 748 2469; x_wconf 87' lang='lat' dir='ltr'>tuus</span> <span class='ocrx_word' id='word_1_224' title='bbox 778 2444 923 2478; x_wconf 88' lang='lat' dir='ltr'>seruus,</span> <span class='ocrx_word' id='word_1_225' title='bbox 957 2443 1037 2469; x_wconf 91' lang='lat' dir='ltr'>non</span> <span class='ocrx_word' id='word_1_226' title='bbox 1068 2431 1165 2469; x_wconf 88' lang='lat' dir='ltr'>deus</span> <span class='ocrx_word' id='word_1_227' title='bbox 1196 2443 1281 2468; x_wconf 87' lang='lat' dir='ltr'>esse</span> <span class='ocrx_word' id='word_1_228' title='bbox 1310 2437 1415 2469; x_wconf 89' lang='lat' dir='ltr'>tuus.</span> 
     </span>
     <span class='ocr_line' id='line_1_35' title="bbox 531 2494 1610 2546; baseline 0 -12"><span class='ocrx_word' id='word_1_229' title='bbox 531 2497 621 2545; x_wconf 86' lang='lat' dir='ltr'>Que</span> <span class='ocrx_word' id='word_1_230' title='bbox 650 2496 759 2534; x_wconf 89' lang='lat' dir='ltr'>iubet</span> <span class='ocrx_word' id='word_1_231' title='bbox 788 2509 879 2546; x_wconf 89' lang='lat' dir='ltr'>ergo</span> <span class='ocrx_word' id='word_1_232' title='bbox 907 2494 979 2534; x_wconf 90' lang='lat' dir='ltr'>tibi</span> <span class='ocrx_word' id='word_1_233' title='bbox 1008 2496 1124 2543; x_wconf 91' lang='lat' dir='ltr'>racio,</span> <span class='ocrx_word' id='word_1_234' title='bbox 1156 2496 1265 2545; x_wconf 86' lang='lat' dir='ltr'>quod</span> <span class='ocrx_word' id='word_1_235' title='bbox 1294 2497 1354 2533; x_wconf 90' lang='lat' dir='ltr'>vel</span> <span class='ocrx_word' id='word_1_236' title='bbox 1384 2496 1492 2535; x_wconf 85' lang='lat' dir='ltr'>faber</span> <span class='ocrx_word' id='word_1_237' title='bbox 1520 2496 1610 2546; x_wconf 89' lang='lat' dir='ltr'>igne</span> 
     </span>
     <span class='ocr_line' id='line_1_36' title="bbox 531 2561 1395 2611; baseline -0.001 -11"><span class='ocrx_word' id='word_1_238' title='bbox 531 2562 690 2601; x_wconf 84' lang='lat' dir='ltr'>Conflat</span> <span class='ocrx_word' id='word_1_239' title='bbox 719 2562 779 2600; x_wconf 92' lang='lat' dir='ltr'>vel</span> <span class='ocrx_word' id='word_1_240' title='bbox 808 2562 915 2611; x_wconf 91' lang='lat' dir='ltr'>ligno</span> <span class='ocrx_word' id='word_1_241' title='bbox 943 2561 1098 2611; x_wconf 88' lang='lat' dir='ltr'>leuigat,</span> <span class='ocrx_word' id='word_1_242' title='bbox 1131 2573 1216 2598; x_wconf 86' lang='lat' dir='ltr'>esse</span> <span class='ocrx_word' id='word_1_243' title='bbox 1244 2561 1395 2599; x_wconf 89' lang='lat' dir='ltr'>deum?</span> 
     </span>
     <span class='ocr_line' id='line_1_37' title="bbox 531 2626 1510 2675; baseline -0.001 -9"><span class='ocrx_word' id='word_1_244' title='bbox 531 2627 568 2666; x_wconf 90' lang='lat' dir='ltr'>O</span> <span class='ocrx_word' id='word_1_245' title='bbox 598 2627 726 2674; x_wconf 86' lang='lat' dir='ltr'>miser,</span> <span class='ocrx_word' id='word_1_246' title='bbox 757 2627 862 2664; x_wconf 89' lang='lat' dir='ltr'>vnde</span> <span class='ocrx_word' id='word_1_247' title='bbox 892 2626 988 2664; x_wconf 90' lang='lat' dir='ltr'>deos</span> <span class='ocrx_word' id='word_1_248' title='bbox 1017 2626 1088 2664; x_wconf 90' lang='lat' dir='ltr'>tibi</span> <span class='ocrx_word' id='word_1_249' title='bbox 1118 2626 1225 2663; x_wconf 87' lang='lat' dir='ltr'>dices</span> <span class='ocrx_word' id='word_1_250' title='bbox 1254 2626 1371 2675; x_wconf 84' lang='lat' dir='ltr'>ydola</span> <span class='ocrx_word' id='word_1_251' title='bbox 1399 2639 1510 2675; x_wconf 86' lang='lat' dir='ltr'>vana,</span> 
     </span>
     <span class='ocr_line' id='line_1_38' title="bbox 530 2691 1892 2741; baseline 0.002 -13"><span class='ocrx_word' id='word_1_252' title='bbox 530 2692 676 2741; x_wconf 83' lang='lat' dir='ltr'>Tuque</span> <span class='ocrx_word' id='word_1_253' title='bbox 706 2691 782 2730; x_wconf 93' lang='lat' dir='ltr'>deo</span> <span class='ocrx_word' id='word_1_254' title='bbox 812 2692 948 2729; x_wconf 88' lang='lat' dir='ltr'>similis</span> <span class='ocrx_word' id='word_1_255' title='bbox 977 2691 1028 2729; x_wconf 86' lang='lat' dir='ltr'>ad</span> <span class='ocrx_word' id='word_1_256' title='bbox 1058 2691 1265 2728; x_wconf 86' lang='lat' dir='ltr'>simulacra</span> <span class='ocrx_word' id='word_1_257' title='bbox 1294 2691 1427 2730; x_wconf 85' lang='lat' dir='ltr'>iaces?</span> <span class='ocrx_word' id='word_1_258' title='bbox 1827 2708 1892 2741; x_wconf 84' lang='lat'>520</span> 
     </span>
     <span class='ocr_line' id='line_1_39' title="bbox 532 2755 1562 2804; baseline 0.001 -11"><span class='ocrx_word' id='word_1_259' title='bbox 532 2755 743 2804; x_wconf 89' lang='lat' dir='ltr'>Omnibus,</span> <span class='ocrx_word' id='word_1_260' title='bbox 774 2756 875 2794; x_wconf 85' lang='lat' dir='ltr'>heu!</span> <span class='ocrx_word' id='word_1_261' title='bbox 919 2755 1028 2794; x_wconf 89' lang='lat' dir='ltr'>viciis</span> <span class='ocrx_word' id='word_1_262' title='bbox 1057 2755 1130 2794; x_wconf 90' lang='lat' dir='ltr'>hec</span> <span class='ocrx_word' id='word_1_263' title='bbox 1160 2762 1218 2793; x_wconf 90' lang='lat' dir='ltr'>est</span> <span class='ocrx_word' id='word_1_264' title='bbox 1248 2755 1399 2794; x_wconf 86' lang='lat' dir='ltr'>insania</span> <span class='ocrx_word' id='word_1_265' title='bbox 1428 2756 1562 2804; x_wconf 88' lang='lat' dir='ltr'>maior,</span> 
     </span>
    </p>
   </div>
   <div class='ocr_carea' id='block_1_6' title="bbox 975 2863 1341 2904">
    <p class='ocr_par' dir='ltr' id='par_1_10' title="bbox 975 2863 1341 2904">
     <span class='ocr_line' id='line_1_40' title="bbox 975 2863 1341 2904; baseline -0.003 -9"><span class='ocrx_word' id='word_1_266' title='bbox 975 2873 1051 2904; x_wconf 87' lang='lat'><strong>500,</strong></span> <span class='ocrx_word' id='word_1_267' title='bbox 1068 2874 1130 2904; x_wconf 84' lang='lat'>501</span> <span class='ocrx_word' id='word_1_268' title='bbox 1158 2863 1289 2903; x_wconf 87' lang='lat' dir='ltr'>Lingua</span> <span class='ocrx_word' id='word_1_269' title='bbox 1309 2863 1341 2895; x_wconf 88' lang='lat' dir='ltr'>H</span> 
     </span>
    </p>
   </div>
  </div>
 </body>
</html>
