2095 3173
367 249 421 287 90

834 234 964 275 VOX
1005 233 1365 274 CLAMANTIS

533 343 712 392 Impetus
741 341 882 379 euertit
911 340 1103 389 quicquid
1132 340 1290 377 fortuna
1319 340 1513 377 ministrat

477 408 679 456 Prospera,
712 418 786 443 nec
815 404 997 442 stabilem
1027 404 1194 442 contulit
1223 404 1308 453 ipsa
1337 410 1497 442 statum.

479 474 597 510 Heu!
637 484 706 509 cur
733 476 842 508 tanta
872 470 944 507 fuit
973 481 1163 507 concessa
1192 470 1378 518 potencia
1407 469 1485 516 tali,

478 538 555 577 Cui
585 536 707 574 nichil
737 542 796 574 est
825 535 908 574 iure
938 535 1031 573 iuris
1060 535 1100 572 in
1131 534 1228 573 orbe
1258 534 1425 573 datum?

477 602 516 640 Si
547 601 643 650 quid
673 601 765 638 iuris
794 599 925 647 habet,
957 600 1156 649 surrepcio
1185 599 1330 638 dicitur
1357 611 1454 646 esse,

479 667 584 704 Nam
614 665 665 703 de
695 665 778 703 iure
807 664 929 702 nichil
959 677 1039 714 quo
1070 664 1298 703 dominetur
1327 664 1461 702 habet.

479 732 543 770 Sic
572 731 711 770 dicunt
740 731 936 775 homines,
967 730 1035 779 qui
1063 730 1230 768 credunt
1260 731 1395 768 omnia
1424 742 1518 768 casu

478 796 602 845 Quod
631 796 730 834 deus
759 795 925 833 extruxit
954 795 1039 844 ipsa
1068 806 1229 832 mouere
1258 801 1414 843 potest:
1781 809 1845 833 200

478 861 545 899 Set
574 861 731 898 fortuna
759 866 894 898 tamen
924 859 1045 896 nichil
1074 865 1144 906 est,
1176 871 1307 908 neque
1337 871 1431 906 sors,
1464 871 1596 909 neque
1624 859 1760 906 fatum,

479 925 618 965 Rebus
649 926 688 963 in
718 926 902 963 humanis
932 925 987 962 nil
1017 937 1178 974 quoque
1207 937 1320 962 casus
1350 924 1495 963 habet:

480 993 548 1031 Set
578 991 652 1030 sibi
683 992 852 1041 quisque
883 1003 994 1028 suam
1024 997 1171 1029 sortem
1201 990 1304 1038 facit,
1337 997 1376 1029 et
1405 990 1481 1028 sibi
1510 1003 1648 1029 casum

480 1059 535 1095 Vt
564 1057 660 1096 libet
689 1057 862 1104 incurrit,
893 1063 932 1095 et
963 1056 1038 1094 sibi
1067 1056 1146 1094 fata
1175 1062 1281 1094 creat
1297 1069 1308 1104 3

481 1124 615 1172 Atque
644 1122 856 1160 voluntatis
887 1134 1000 1159 mens
1029 1120 1152 1159 libera
1180 1120 1290 1170 quod
1319 1120 1411 1158 facit
1440 1127 1574 1158 actum

484 1188 560 1225 Pro
590 1187 703 1225 variis
733 1187 881 1224 meritis
911 1186 1074 1224 nomine
1102 1186 1216 1223 sortis
1246 1184 1378 1223 habet.

484 1252 617 1291 Debet
647 1253 752 1291 enim
783 1264 938 1301 semper
967 1264 1049 1290 sors
1079 1263 1165 1290 esse
1194 1251 1400 1300 pedisseca
1428 1251 1582 1297 mentis,

485 1319 546 1356 Ex
575 1331 653 1368 qua
683 1318 842 1356 sortitur
871 1318 982 1367 quod
1013 1316 1088 1355 sibi
1119 1329 1267 1355 nomen
1296 1317 1390 1355 erit:

484 1384 524 1421 Si
554 1383 657 1421 bene
686 1383 755 1430 vis,
787 1383 964 1432 sequitur
994 1382 1101 1420 bona
1130 1394 1212 1420 sors
1229 1395 1239 1429 3
1283 1381 1312 1419 si
1343 1381 1401 1419 vis
1431 1381 1545 1427 male,
1577 1386 1725 1418 sortem

487 1450 563 1486 Pro
592 1455 705 1486 motu
734 1448 877 1486 mentis
907 1448 1027 1486 efficis
1057 1459 1143 1486 esse
1173 1448 1331 1485 malam.
1786 1459 1849 1482 210

487 1513 527 1552 Si
557 1525 673 1562 super
702 1520 803 1551 astra
832 1513 940 1551 leues
969 1513 1156 1550 virtutum
1186 1512 1360 1551 culmine
1388 1517 1576 1557 mentem,

489 1579 549 1615 Te
577 1578 735 1615 fortuna
764 1589 834 1615 sue
863 1577 973 1616 ducit
1001 1577 1053 1615 ad
1081 1577 1159 1614 alta
1188 1583 1296 1615 rote:

489 1643 556 1681 Set
585 1644 617 1681 si
647 1642 845 1681 subrueris
874 1643 1066 1680 viciorum
1096 1642 1212 1689 mole,
1243 1648 1407 1692 repente

486 1710 640 1747 Tecum
670 1709 868 1746 fortunam
897 1708 1010 1746 ducis
1038 1708 1090 1746 ad
1118 1720 1209 1757 yma
1238 1715 1358 1746 tuam.

488 1773 661 1823 Expedit
691 1781 730 1811 vt
759 1780 904 1811 sortem
935 1773 1110 1811 declines
1139 1772 1386 1819 deteriorem,

490 1841 599 1877 Dum
628 1846 719 1877 tuus
749 1845 807 1876 est
835 1839 992 1876 animus
1021 1837 1120 1876 liber
1148 1844 1358 1887 vtrumque
1387 1837 1511 1886 sequi.

428 1972 506 2007 Hic
540 1972 642 2007 dicit
675 1971 902 2007 secundum
935 1971 1169 2015 scripturas
1203 1972 1245 2005 et
1279 1971 1454 2013 allegat,
1487 1969 1669 2013 qualiter
1708 1977 1854 2003 omnes

383 2034 574 2067 creature
600 2031 760 2065 homini
785 2031 900 2065 iusto
927 2030 1165 2065 seruientes
1191 2029 1400 2064 obediunt.

267 2108 394 2157 Capm.
417 2120 453 2146 v.

547 2107 708 2144 Dixerat
738 2106 811 2143 ista
841 2105 951 2151 deus,
985 2105 1015 2142 si
1046 2117 1124 2154 que
1153 2104 1370 2153 preceperit
1399 2104 1484 2153 ipse

493 2171 594 2220 Quis
623 2183 779 2209 seruare
808 2171 911 2217 velit,
943 2182 1128 2218 prospera
1158 2169 1298 2207 reddet
1327 2169 1374 2215 ei,

492 2237 668 2285 Campos
698 2235 912 2285 frugiferos,
945 2234 1066 2272 botris
1095 2235 1307 2283 vinetaque
1336 2234 1463 2283 plena,

492 2302 744 2351 Temperiem
774 2301 867 2338 solis
896 2307 935 2339 et
963 2300 1145 2349 pluuialis
1174 2311 1276 2348 aque
1290 2313 1300 2346 3
1793 2313 1857 2335 220

493 2368 630 2407 Sidera
658 2372 897 2416 compescet,
930 2366 1141 2404 Saturnum
1172 2365 1311 2403 reddet
1339 2376 1539 2410 amenum,

494 2433 574 2481 Qui
604 2432 728 2469 fuerat
758 2431 877 2480 pestis
907 2437 1002 2468 tunc
1032 2430 1102 2468 erit
1131 2430 1215 2479 ipse
1244 2429 1347 2467 salus
1362 2443 1372 2476 3

496 2498 626 2546 Inque
655 2508 744 2534 suas
773 2502 898 2533 metas
928 2495 1080 2545 gladius
1111 2507 1192 2532 non
1221 2494 1395 2541 transiet,
1424 2493 1547 2531 immo

497 2563 561 2600 De
589 2562 732 2599 virtute
762 2572 831 2598 sua
861 2560 1014 2610 singula
1044 2559 1147 2597 bella
1176 2559 1294 2607 fugat.

497 2628 560 2666 Sic
590 2640 675 2676 pax,
710 2627 764 2664 sic
794 2638 936 2674 corpus
968 2637 1118 2671 sanum,
1151 2624 1206 2662 sic
1234 2624 1348 2673 copia
1378 2635 1506 2661 rerum

497 2693 596 2730 Sunt
626 2691 777 2729 homini
808 2690 921 2738 iusto,
953 2690 1049 2728 dum
1078 2689 1190 2727 timet
1220 2689 1302 2737 ipse
1332 2688 1477 2726 deum:

498 2758 698 2805 Tempore
727 2768 808 2805 quo
837 2756 962 2793 iustus
993 2755 1152 2801 steterit,
1185 2760 1289 2791 stant
1318 2765 1505 2802 prospera
1534 2765 1684 2801 secum,

499 2821 619 2870 Sique
648 2821 762 2858 cadat
792 2821 927 2867 iustus,
959 2831 1144 2869 prospera
1173 2819 1256 2856 iure
1287 2818 1454 2865 cadent;

501 2886 606 2923 Nam
636 2892 948 2924 retrouersantur
975 2883 1148 2934 peruersi
1178 2895 1365 2933 prospera
1394 2882 1496 2929 iusti,
