2095 3173
655 217 842 258 LIBER
880 217 1153 258 TERCIUS

271 324 393 362 Hanc
422 330 530 363 tenet
559 324 729 362 intrusor
757 324 880 362 modo
910 331 968 362 set
998 335 1185 373 paganus,
1216 321 1267 361 ab
1297 322 1361 360 illa

270 390 485 427 Thesauris
515 390 658 428 nostris
688 390 794 428 nulla
823 389 968 427 tributa
998 389 1106 427 feret.

272 455 358 493 Nos
388 467 519 504 neque
548 467 735 504 personas
766 467 896 504 neque
925 466 984 492 res
1013 454 1231 503 repetendo
1260 465 1469 492 monemus

270 520 382 557 Bella
409 519 499 568 viris
529 520 623 567 istis,
654 520 716 557 lex
744 520 798 558 ibi
829 526 962 557 nostra
991 520 1101 558 silet:

270 585 365 622 Non
395 584 449 621 ibi
480 583 587 622 bulla
616 592 762 631 monet,
795 584 851 622 ibi
881 597 955 622 nec
985 584 1188 622 sentencia
1217 584 1295 622 lata

270 650 481 698 Aggrauat,
513 656 580 687 aut
610 650 763 698 gladius
793 650 915 698 prelia
944 656 1078 687 noster
1105 650 1210 698 agit:

270 715 362 763 Que
391 727 461 752 sua
490 721 582 752 sunt
612 715 763 754 Cristus
793 714 858 762 ibi,
890 715 922 752 si
952 715 1044 762 vult,
1077 714 1260 752 vendicet
1289 714 1384 764 ipse,

270 780 427 828 Proque
456 792 527 817 sua
556 779 704 818 bellum
734 780 970 829 proprietate
999 780 1107 818 ferat.

270 845 356 883 Nos
386 845 438 883 ita
467 845 694 895 longinquis
725 858 806 884 non
835 846 1049 894 frangimus
1079 845 1165 882 ocia
1194 845 1352 894 guerris,

270 911 308 948 It
338 923 468 959 neque
498 923 568 960 pro
598 911 715 950 Cristi
746 911 840 949 dote
869 911 1018 960 legatus
1048 909 1124 955 ibi;

270 975 338 1013 Set
368 976 490 1025 magis
520 977 559 1013 in
589 976 736 1023 fratres,
768 977 893 1026 signat
923 988 1023 1024 quos
1052 975 1157 1013 vnda
1185 980 1353 1021 renatos,

270 1041 347 1078 Pro
378 1041 517 1079 mundi
547 1042 665 1080 rebus
694 1041 853 1091 publica
881 1040 986 1079 bella
1015 1041 1169 1078 damus.

326 1106 565 1144 Mandatum
596 1107 712 1145 Cristi
743 1107 868 1145 clerus
898 1105 1008 1155 quod
1036 1105 1212 1154 predicet
1242 1110 1356 1151 extat,

271 1170 323 1207 Et
353 1171 426 1208 sibi
458 1172 513 1208 sic
542 1172 694 1209 lucrum
724 1171 924 1220 spirituale
952 1176 1084 1220 gerat;

271 1236 366 1273 Non
396 1236 483 1285 lego
514 1237 623 1285 quod
653 1237 792 1274 mundi
822 1248 892 1285 pro
922 1235 1031 1272 lucro
1061 1234 1187 1272 clerus
1217 1234 1269 1272 ad
1297 1246 1405 1272 arma

270 1300 476 1347 procedat,
509 1308 568 1339 set
597 1300 651 1339 ibi
681 1308 814 1351 parcat
842 1312 977 1339 arnore
1006 1300 1081 1338 dei.

271 1366 409 1404 Sermo
438 1372 571 1404 tamen
602 1367 694 1404 cleri
723 1379 899 1416 paganos
929 1366 1065 1413 nescit,
1098 1372 1137 1403 vt
1167 1365 1255 1403 illos

271 1431 498 1478 Conuertat,
531 1443 606 1469 nec
635 1444 683 1470 eo
713 1444 754 1469 se
783 1432 892 1469 iuuat
921 1432 1004 1480 ipse
1033 1431 1168 1469 lucro:

271 1495 409 1534 Castra
438 1496 513 1534 sibi
543 1509 621 1546 que
650 1497 793 1535 domos
823 1497 960 1546 pocius
990 1496 1160 1533 lucratur
1189 1502 1228 1533 et
1256 1495 1382 1543 Vrbes,

271 1562 348 1599 Pro
378 1560 533 1610 quibus,
564 1568 605 1600 vt
633 1562 774 1610 vincat,
807 1562 951 1600 sorcius
981 1574 1088 1599 arma
1117 1568 1263 1599 mouet.

270 1626 342 1663 Est
372 1626 445 1664 sibi
475 1627 584 1676 quod
614 1627 827 1676 proprium,
860 1627 915 1665 sic
944 1627 1144 1676 spirituale
1174 1632 1339 1674 recusat,

270 1692 419 1741 Torpet
449 1698 488 1730 et
517 1693 729 1742 improprie
758 1705 838 1742 quo
868 1692 966 1731 foret
997 1692 1081 1740 ipse
1110 1692 1200 1740 vigil
1217 1705 1228 1739 3

270 1756 361 1804 Que
390 1764 523 1795 tamen
553 1757 765 1807 impropria
794 1758 945 1797 Cristus
975 1755 1049 1794 sibi
1079 1756 1239 1803 dixerat,
1271 1756 1354 1794 illa

270 1819 416 1856 Mundi
446 1825 598 1857 terrena
628 1820 800 1868 propriat
828 1820 912 1868 ipse
942 1831 1038 1856 sua:

269 1884 334 1922 Sic
363 1884 486 1932 magis
515 1884 727 1933 impropria
756 1884 938 1933 propriat,
970 1883 1215 1932 propriisque
1244 1895 1467 1933 repugnans

271 1947 519 1997 Dispropriat
547 1950 684 1996 clerus,
717 1961 794 1998 que
824 1949 934 1986 dedit
962 1955 1049 1986 acta
1079 1948 1187 1987 deus.

270 2013 391 2051 Venit
420 2014 525 2051 enim
556 2014 737 2063 princeps
767 2014 883 2051 huius
913 2014 1063 2059 mundi,
1094 2014 1328 2052 famulatum

275 2078 440 2127 Optinet
470 2086 507 2117 et
537 2086 726 2126 nostrum,
755 2079 827 2117 fert
857 2080 948 2128 quia
976 2079 1125 2128 grande
1154 2079 1317 2118 lucrum.

271 2143 388 2182 Cristi
418 2144 645 2193 pauperiem
675 2156 787 2182 mens
817 2151 949 2182 nostra
978 2144 1179 2192 perhorret
1207 2156 1334 2191 auara,

271 2209 370 2248 Ocia
399 2222 449 2247 ne
479 2210 600 2247 nostri
629 2210 803 2258 corporis
833 2210 917 2258 ipsa
946 2215 1122 2258 premat3

270 2275 357 2313 Nec
387 2287 456 2313 sua
485 2287 552 2312 cor
581 2275 726 2313 mulcet
756 2274 914 2312 humilis
944 2274 1146 2323 paciencia
1175 2280 1366 2321 nostrum,

271 2341 366 2378 Hoc
395 2341 542 2378 etenim
572 2346 704 2378 nostra
732 2352 880 2389 pompa
910 2339 1078 2388 superba
1108 2346 1251 2388 negat:

270 2405 414 2442 Nullus
444 2418 516 2443 nos
545 2405 674 2453 cinget
704 2405 778 2442 nisi
807 2404 929 2442 libera
959 2411 1092 2442 nostra
1121 2405 1313 2451 voluntas,

272 2469 395 2508 Cuius
425 2469 545 2508 habet
573 2476 709 2508 tenera
738 2470 883 2507 ducere
913 2470 1022 2506 frena
1051 2481 1154 2506 caro.

326 2534 521 2573 Conditor
549 2542 608 2573 est
637 2535 729 2572 iuris
758 2535 826 2583 qui
856 2545 1040 2583 spernere
1070 2534 1152 2570 iura
1181 2533 1346 2580 videtur,

272 2600 359 2637 Nec
388 2606 495 2637 tenet
524 2600 607 2648 ipse
636 2600 728 2647 vias,
760 2612 858 2649 quas
887 2599 1005 2637 docet
1035 2611 1120 2636 esse
1150 2611 1238 2636 suas
1254 2612 1264 2646 3

273 2664 450 2703 Crimina
479 2665 749 2713 condempnat
778 2665 846 2714 qui
875 2664 1039 2701 crimine
1069 2664 1216 2712 primus
1246 2663 1423 2711 habetur,

273 2729 499 2777 Corripiens
527 2729 623 2767 alios
653 2730 845 2768 deteriora
874 2729 976 2766 facit.

274 2795 366 2843 Ipse
396 2806 484 2831 suas
514 2794 699 2842 maculas,
731 2794 798 2844 qui
828 2805 992 2832 noscere
1020 2793 1103 2830 vult
1131 2793 1309 2841 aliorum,

804 2870 868 2909 685
886 2869 938 2899 Ne
955 2868 982 2900 C

1556 231 1631 271 125

1566 653 1632 687 660

1567 1306 1633 1348 670

1566 1955 1632 1988 680

1562 2607 1628 2649 690
