2095 3173
412 239 466 277 42
881 224 1010 266 VOX
1051 222 1409 265 CLAMANTIS

525 333 685 371 Dixerat
715 333 789 379 ille,
821 331 958 378 ‘Feri‚'
988 331 1073 368 ferit
1103 330 1167 368 ille
1180 331 1260 378 ;—‘
1273 330 1407 377 Neca,’
1438 336 1552 368 necat
1580 329 1700 376 alter;
1719 349 1756 355 —

525 399 666 437 ‘Solue
696 397 871 447 nephas‚’
901 396 1030 443 soluit,
1062 396 1150 444 quis
1180 408 1310 445 neque
1339 396 1417 433 fata
1447 401 1562 433 vetat.

523 464 697 501 Auribus
726 462 897 500 extensis
927 473 1222 511 quemcumque
1251 467 1366 499 vocat
1395 461 1501 498 furor
1530 460 1595 498 ille

523 530 658 575 Audit,
691 536 728 567 et
757 527 808 566 ad
836 539 977 565 vocem
1007 527 1186 564 concitus
1216 533 1321 576 vrget
1351 526 1446 564 iter:

524 595 588 632 Sic
618 595 739 631 homo
769 600 865 631 tunc
894 593 1041 630 multus
1071 593 1264 631 suadente
1294 592 1424 630 furore
1453 597 1614 629 coactus

525 660 627 708 Sepe
657 671 769 697 suam
799 658 931 707 posuit
959 664 1109 696 mestus
1139 658 1179 695 in
1210 658 1299 707 igne
1328 669 1503 694 manum.
1824 667 1887 701 720

527 725 694 772 Omnes,
726 724 835 762 ‘Fiat
865 723 942 771 ita,’
971 724 1217 773 proclamant
1246 722 1410 761 vocibus
1440 722 1526 759 altis
1542 736 1551 769 3

526 791 598 828 Est
626 790 744 827 maris
772 796 812 827 vt
843 789 1005 836 sonitus,
1038 789 1093 827 sic
1123 789 1195 826 fuit
1224 789 1289 826 ille
1319 800 1452 826 sonus.

526 856 586 893 Ex
617 855 740 893 nimio
770 854 933 904 strepitu
963 866 1181 892 concussus
1211 854 1318 891 vocis
1347 865 1484 891 eorum

525 922 603 958 Vix
632 921 742 970 potui
772 920 961 958 tremulos
991 920 1180 958 ammodo
1210 919 1308 957 ferre
1337 919 1460 968 pedes
1476 932 1487 966 ς

527 988 717 1024 Attamen
746 999 769 1024 a
797 986 915 1036 longe
944 985 1126 1035 prospexi
1156 985 1325 1034 qualiter
1354 984 1427 1033 ipsi

529 1051 758 1101 Complexis
787 1051 972 1089 manibus
1001 1057 1139 1088 mutua
1168 1057 1282 1100 pacta
1312 1050 1451 1087 ferunt.

530 1118 624 1155 Hoc
654 1117 802 1155 etenim
832 1116 982 1163 dicunt,
1013 1116 1123 1165 quod
1153 1115 1344 1165 quicquid
1372 1120 1519 1164 perstat
1549 1114 1589 1151 in
1619 1112 1715 1151 orbe

532 1183 700 1232 Ingenui
730 1194 844 1220 sexus
874 1182 1018 1220 rustica
1046 1181 1162 1219 turba
1191 1187 1287 1219 ruet.

587 1248 679 1285 Hiis
709 1247 824 1286 dictis
854 1247 997 1296 pariter
1025 1259 1165 1284 omnes
1195 1246 1425 1295 gradiuntur
1453 1245 1493 1283 in
1523 1257 1656 1291 vnum,

533 1315 687 1351 Ductor
716 1320 754 1350 et
783 1312 923 1350 inferni
953 1312 1062 1350 ducit
1090 1312 1221 1361 iniqus
1251 1312 1335 1349 iter.
1831 1320 1895 1355 730

533 1378 674 1417 Nubes
703 1378 812 1428 nigra
842 1378 948 1416 venit
977 1377 1085 1415 furiis
1114 1377 1328 1415 commixta
1356 1376 1549 1426 gehenne,

535 1443 735 1483 Cordibus
764 1443 938 1481 infusum
969 1455 1047 1493 que
1076 1442 1204 1481 scelus
1233 1454 1353 1481 omne
1382 1442 1481 1491 pluit
1497 1456 1506 1489 ;

535 1511 724 1559 Roreque
753 1509 809 1547 sic
838 1508 980 1547 baratri
1009 1509 1133 1547 fuerat
1163 1509 1278 1546 tellus
1307 1508 1542 1554 madefactaj

536 1576 725 1615 Crescere
753 1575 864 1624 quod
892 1575 1013 1613 virtus
1042 1575 1231 1612 ammodo
1262 1574 1368 1611 nulla
1398 1579 1555 1623 potest:

539 1640 673 1680 Omne
702 1646 836 1678 tamen
865 1641 1022 1687 vicium,
1054 1640 1165 1689 quod
1194 1639 1316 1677 homo
1345 1639 1542 1688 perfectus
1571 1636 1767 1683 abhorret,

539 1706 703 1752 Crescit,
734 1712 773 1743 et
802 1717 850 1743 ex
879 1705 946 1743 illo
975 1712 1153 1754 ternpore
1182 1704 1302 1742 corda
1331 1704 1465 1753 replet.

541 1772 703 1809 Fecerat
732 1771 911 1809 incursus
940 1778 1036 1808 tunc
1065 1771 1214 1809 demon
1243 1769 1495 1815 meridianus,

543 1837 672 1886 Inque
702 1836 864 1874 dolente
893 1836 958 1874 die
986 1842 1087 1874 torta
1116 1836 1255 1885 sagitta
1284 1835 1413 1873 volat:

543 1903 636 1952 Ipse
666 1902 817 1940 solutus
845 1902 959 1940 adest
988 1901 1180 1939 Sathanas
1209 1901 1420 1950 omnisque
1448 1906 1605 1938 caterua

544 1968 732 2017 Pauperis
762 1967 904 2005 inferni
933 1967 1176 2016 preuaricata
1205 1966 1332 2004 simul.
1841 1977 1904 2011 740

544 2033 724 2071 Perditur
753 2044 846 2070 ecce
874 2033 1004 2082 pudor
1032 2032 1182 2070 indocti
1210 2031 1352 2078 cordis,
1384 2038 1422 2069 et
1453 2031 1549 2069 vltra

544 2098 731 2137 Criminis
759 2105 827 2135 aut
856 2098 971 2146 culpe
1001 2097 1108 2134 nulla
1136 2097 1308 2135 verenda
1336 2097 1472 2135 timet:

548 2164 738 2212 Dumque
768 2163 890 2200 duces
921 2162 1074 2200 Herebi
1104 2162 1159 2199 sic
1189 2162 1268 2200 vidi
1297 2162 1443 2199 ducere
1472 2160 1680 2206 mundum,

547 2228 682 2267 Celica
711 2228 855 2266 nullius
885 2228 967 2265 iura
995 2228 1136 2265 valoris
1166 2234 1288 2266 erant.

548 2293 653 2332 Cum
683 2294 806 2343 magis
835 2294 908 2331 hos
937 2293 1028 2340 vidi,
1060 2293 1183 2342 magis
1212 2293 1285 2330 hos
1314 2305 1400 2330 reor
1429 2303 1514 2330 esse
1544 2290 1754 2337 timendos,

550 2360 742 2409 Ignorans
772 2359 897 2409 qualis
927 2359 1016 2397 finis
1046 2357 1253 2396 habendus
1283 2358 1364 2396 erit.
1682 2351 1687 2354 ¹

486 2492 564 2526 Hic
595 2491 696 2526 dicit
724 2501 770 2526 se
801 2501 874 2535 per
904 2491 1137 2534 sompnium
1166 2490 1327 2524 vidisse
1355 2489 1576 2533 progenies
1602 2488 1760 2532 Chaym
1786 2487 1910 2521 male-

440 2551 578 2586 dictas
596 2561 684 2585 vna
707 2560 798 2585 cum
819 2549 1083 2585 multitudine
1106 2558 1322 2584 seruorum
1345 2557 1478 2591 nuper
1495 2547 1608 2590 regis
1624 2546 1784 2590 Vluxis,
1804 2556 1909 2590 quos

441 2609 581 2644 Circes
599 2609 642 2643 in
661 2610 822 2644 bestias
839 2608 1030 2650 mutauit,
1050 2608 1169 2642 furiis
1187 2606 1441 2651 supradictis
1460 2605 1675 2640 associari.

341 2693 471 2742 Capru.
494 2704 526 2728 x.
615 2691 734 2728 Estus
763 2697 845 2729 erat
874 2690 1029 2736 nimius,
1060 2688 1187 2727 rabies
1217 2688 1308 2734 fera,
1339 2693 1547 2735 turmaque
1576 2698 1729 2736 magna,

554 2758 661 2794 Dum
692 2756 782 2793 furit
811 2756 986 2794 infernus
1014 2754 1230 2792 associatus
1260 2754 1396 2790 humo.

488 2846 551 2876 725
575 2836 699 2876 alonge
716 2836 775 2867 CE
889 2845 952 2875 730
975 2835 1112 2875 iniquus
1127 2833 1221 2865 CED
1333 2843 1393 2872 731
1422 2832 1574 2863 Iehenne
1592 2832 1619 2863 C
1732 2841 1793 2871 733
1819 2830 1912 2861 Rore

442 2888 581 2930 quidem
597 2888 723 2920 baratri
741 2888 772 2918 D
872 2887 956 2928 Cap.
973 2897 1007 2919 x.
1051 2885 1211 2927 Heading
1230 2895 1250 2916 2
1266 2885 1375 2916 Vlixis
1392 2884 1483 2916 CED
1586 2894 1648 2924 747
1671 2883 1833 2922 turbaque
1849 2881 1905 2914 cE
