2095 3173
470 247 551 285 230

942 231 1073 273 VOX
1114 230 1474 273 CLAMANTIS

523 790 667 833 Exquo
715 789 765 824 de
806 798 946 824 errore
986 789 1031 823 in
1076 789 1254 832 singulis
1298 789 1589 833 temporalium
1635 789 1832 833 gradibus
1878 799 1945 824 ex-

478 851 631 884 istente
675 849 906 883 tractatum
955 850 1033 889 est,
1078 848 1163 882 iam
1204 848 1302 892 quia
1342 858 1675 892 vnumquemque
1717 849 1794 882 sub
1840 848 1946 891 legis

478 907 644 942 iusticia
674 907 900 950 gubernari
930 907 1107 951 oportet,
1135 908 1321 941 tractare
1353 907 1531 941 vlterius
1565 907 1746 941 intendit
1778 906 1829 941 de
1862 906 1947 940 illis

479 966 546 1009 qui
576 965 678 1000 iuris
706 966 891 1000 ministri
922 965 1126 1006 dicuntur,
1158 965 1348 1008 quamuis
1377 966 1521 1000 tamen
1554 965 1634 1009 ipsi
1664 975 1830 999 omnem
1860 965 1947 999 suis

478 1025 655 1059 cautelis
684 1024 895 1059 iusticiam
923 1023 1197 1064 confundunt,
1227 1026 1270 1059 et
1299 1025 1470 1067 propter
1494 1023 1635 1058 mundi
1664 1024 1822 1058 lucrum
1853 1023 1947 1057 mul-

477 1083 677 1126 tipliciter
703 1084 917 1118 eneruant.

379 1329 508 1376 Capln³
531 1326 553 1363 l.

959 1215 1122 1262 Incipit
1150 1215 1266 1253 liber
1294 1213 1479 1254 Sextus.

665 1331 736 1362 unt
765 1323 887 1361 modo
917 1334 1037 1371 quam
1067 1321 1197 1371 plures
1227 1332 1375 1359 nomen
1405 1320 1456 1358 de
1484 1320 1570 1369 lege
1597 1326 1788 1370 gerentes,

695 1389 776 1438 Qui
805 1396 938 1426 tamen
968 1388 1008 1425 in
1038 1394 1147 1437 parte
1176 1399 1325 1425 nomen
1354 1385 1503 1424 habent
1532 1386 1617 1424 sine
1645 1397 1710 1424 re:

590 1456 662 1493 Hii
692 1456 777 1493 sine
805 1455 891 1504 lege
920 1453 984 1491 dei
1014 1452 1088 1490 sub
1117 1453 1203 1502 lege
1231 1452 1301 1489 viri
1332 1452 1443 1502 quasi
1473 1452 1610 1489 fictum

589 1523 790 1570 Vsurpant
819 1531 966 1557 nomen
996 1518 1092 1567 legis
1122 1516 1268 1555 habere
1297 1529 1413 1554 suum
1428 1531 1439 1564 3

591 1587 662 1624 Est
691 1585 835 1635 quibus
865 1583 995 1622 omnis
1023 1595 1136 1621 amor
1164 1590 1382 1627 extraneus,
1413 1582 1543 1619 omnis
1573 1588 1611 1619 et
1641 1593 1745 1619 error

591 1651 796 1689 Proximus
825 1656 863 1688 et
892 1648 1038 1698 proprii
1066 1660 1186 1686 causa
1214 1654 1344 1685 creata
1372 1647 1492 1685 lucri:

591 1717 673 1754 Hic
702 1715 823 1762 labor,
856 1715 933 1752 hoc
962 1726 1062 1763 opus
1092 1719 1151 1751 est
1180 1713 1308 1762 primo
1337 1724 1429 1749 cum
1459 1723 1622 1750 munere
1651 1711 1770 1760 iungi,

592 1782 664 1819 Est
693 1781 779 1819 sine
808 1793 888 1830 quo
917 1780 1050 1829 lingue
1079 1785 1188 1816 muta
1216 1778 1375 1827 loquela
1404 1790 1484 1815 sue.

592 1847 673 1895 Qui
702 1853 836 1884 tamen
865 1845 916 1883 ad
946 1857 1055 1883 veras
1084 1845 1190 1894 leges
1219 1850 1342 1890 vacat,
1374 1850 1412 1881 et
1442 1843 1527 1880 sine
1556 1842 1693 1880 fraude

592 1912 795 1950 Iusticiam
825 1910 988 1960 querule
1016 1909 1275 1960 proximitatis
1304 1908 1394 1958 agit,
1919 1921 1957 1943 10

592 1979 644 2015 Vt
674 1977 877 2026 psalmista
905 1976 1026 2023 canit,
1055 1981 1113 2013 est
1143 1976 1199 2012 vir
1227 1974 1352 2024 magis
1382 1974 1447 2011 ille
1475 1971 1640 2020 beatus3

594 2044 748 2081 Paucos
778 2049 837 2080 set
865 2042 962 2079 tales
993 2041 1070 2078 iam
1100 2039 1175 2078 sibi
1205 2046 1361 2088 tempus
1391 2038 1522 2076 habet.

594 2110 724 2146 Aurea
754 2119 886 2156 pugna
915 2118 1023 2143 nouo
1054 2106 1110 2143 sic
1140 2105 1307 2143 conterit
1336 2104 1464 2141 vleere
1493 2104 1613 2153 leges,

597 2174 697 2211 lesa
726 2171 836 2221 quod
863 2171 1023 2208 vlterius
1053 2170 1136 2208 iura
1165 2170 1290 2207 salute
1319 2175 1467 2207 carent.

651 2239 744 2276 Hoc
774 2249 847 2286 ego
877 2236 986 2286 quod
1016 2235 1143 2284 plebis
1173 2247 1249 2272 vox
1278 2235 1420 2272 clamat
1449 2234 1589 2281 clamo,
1623 2246 1696 2272 nec
1726 2233 1833 2279 vllos,

594 2306 680 2343 Sint
710 2303 783 2340 nisi
814 2314 914 2352 quos
944 2302 1093 2339 crimen
1124 2301 1299 2347 denotat,
1332 2300 1415 2348 ipse
1445 2305 1552 2337 noto.

596 2368 762 2407 Talibus
792 2369 832 2405 in
862 2367 1006 2417 specie,
1037 2378 1137 2415 quos
1167 2365 1300 2404 deuiat
1330 2377 1434 2403 error
1462 2376 1591 2411 auare,

597 2435 690 2472 Non
720 2433 805 2471 aliis
833 2433 925 2471 ideo
955 2432 1097 2481 scripta
1125 2438 1337 2480 sequenter
1365 2442 1450 2479 ago.

599 2499 714 2548 Legis
744 2497 818 2536 sub
848 2497 1018 2536 clamide
1047 2497 1142 2535 latet
1170 2508 1242 2542 ars,
1274 2507 1352 2544 qua
1382 2495 1443 2533 lex
1472 2495 1557 2533 sine
1587 2494 1669 2532 iure

596 2565 723 2602 Vertit
752 2571 792 2601 vt
822 2570 880 2601 est
909 2563 1009 2601 velle
1039 2561 1216 2612 quolibet
1245 2568 1332 2598 acta
1361 2560 1426 2598 die
1443 2574 1454 2608 3
1503 2591 1505 2593 .
1920 2575 1959 2595 20

598 2629 800 2668 Causidici
829 2629 947 2667 talem
977 2633 1162 2678 poterunt
1191 2627 1286 2664 dum
1316 2626 1488 2675 plectere
1516 2625 1655 2675 legem,

597 2695 897 2732 Transformant
926 2693 1054 2732 verbis
1084 2693 1166 2730 iura
1194 2698 1322 2730 creata
1352 2691 1445 2729 suis.

600 2760 700 2797 Iuris
730 2760 769 2796 in
800 2759 926 2809 effigie
954 2765 1045 2797 sunt
1075 2757 1211 2796 omnia
1239 2757 1343 2805 picta
1371 2756 1513 2802 colore,

600 2826 693 2873 Quo
723 2825 846 2874 magis
876 2825 1076 2862 occultum
1106 2823 1177 2861 fert
1207 2821 1280 2860 sibi
1310 2822 1417 2859 lucra
1446 2822 1599 2859 forum:

600 2891 709 2928 Iusta
738 2890 799 2928 vel
829 2889 973 2927 iniusta
1002 2901 1084 2927 non
1113 2894 1250 2926 curant
1280 2886 1486 2936 quomodo
1515 2898 1635 2924 causa
