2095 3173
413 220 490 259 128
883 222 1011 263 VOX
1053 223 1410 265 CLAMANTIS

574 331 611 370 O
641 339 759 381 caput
788 332 966 379 ecclesie,
997 332 1249 369 reminiscere
1277 337 1457 380 tempora
1487 331 1616 378 Cristi‚

518 396 558 434 Si
588 396 699 435 dedit
728 397 916 445 exemplis
946 396 1037 434 talia
1066 396 1166 434 sicut
1195 396 1288 444 agis.

521 462 614 510 Ipse
642 462 808 500 redemit
838 473 945 509 oues,
976 474 999 499 a
1028 467 1236 511 morteque
1265 461 1494 508 viuificauit,

520 526 630 574 Quas
660 526 816 575 pietatis
845 526 960 575 inops
990 532 1032 563 tu
1062 526 1277 564 cruciando
1307 538 1437 564 necas.

517 591 687 639 Precipit
719 591 814 640 ipse,
844 591 950 629 vices
979 604 1048 641 per
1076 598 1228 640 septem
1259 598 1519 640 septuagenas

517 656 701 694 Dimittat
731 657 880 703 Petrus,
911 663 1045 706 parcat
1073 663 1112 694 et
1141 657 1225 706 ipse
1254 657 1354 704 reis,

515 721 578 758 Tu
608 727 741 759 tamen
770 721 822 759 ad
852 722 1018 770 primam
1046 722 1179 771 gladio
1207 734 1300 759 cum
1330 721 1486 760 vindice
1515 721 1673 771 culpam
1707 718 1710 720 ’

514 787 702 833 Percutis‚
734 793 772 825 et
802 787 911 825 nullo
940 787 1067 836 parcis
1096 800 1231 825 amore
1259 788 1355 826 viro.
1814 794 1879 835 780

514 852 621 890 Ecce
650 852 804 890 Rachel
834 853 960 902 plorat
989 865 1063 890 nec
1091 852 1212 891 habet
1241 853 1434 891 solamina
1464 853 1593 900 tristis,

514 917 623 955 Dum
651 930 776 967 genus
806 930 853 956 ex
882 918 1039 967 proprio
1068 924 1209 956 ventre
1237 918 1393 967 reliquit
1422 930 1523 955 eam.

512 983 549 1022 O
577 995 702 1033 genus
732 984 913 1030 electum,
943 996 1042 1033 gens
1071 990 1217 1031 sancta,
1249 983 1346 1032 quid
1375 990 1433 1021 est
1463 983 1572 1033 quod
1600 995 1718 1021 auara

512 1049 707 1087 Scandala
736 1049 890 1087 iudiciis
920 1049 1035 1098 ponis
1065 1049 1105 1086 in
1135 1048 1232 1086 orbe
1261 1048 1368 1086 tuis?

510 1114 726 1153 Prodolor!
766 1115 931 1153 ecclesie
959 1113 1077 1161 bona,
1110 1127 1187 1163 que
1216 1113 1412 1152 debentur
1440 1113 1592 1163 egenis,

510 1180 687 1229 Dissipat
716 1179 756 1217 in
786 1179 899 1218 bellis
927 1179 996 1229 qui
1025 1180 1253 1218 dominatur
1281 1179 1349 1217 eis.

509 1245 724 1283 Prodolor!
763 1258 786 1283 a
814 1245 931 1291 clero,
962 1245 1117 1294 pietatis
1147 1245 1230 1282 iure
1259 1250 1426 1290 remoto,

508 1310 648 1349 Cauda
677 1311 720 1348 fit
749 1310 914 1349 ecclesie
943 1310 1012 1359 qui
1041 1310 1140 1348 solet
1169 1322 1255 1348 esse
1284 1316 1402 1358 caput
1417 1323 1427 1357 3

507 1375 649 1424 Fitque
678 1376 782 1414 salus
811 1375 985 1422 morbus,
1017 1375 1060 1413 fit
1089 1375 1247 1424 vitaque
1277 1387 1392 1420 mors,
1425 1374 1653 1412 releuamen

508 1441 672 1490 Lapsus,
703 1440 766 1478 lex
794 1453 909 1487 error,
941 1440 1065 1478 hostis
1095 1446 1133 1478 et
1162 1440 1246 1489 ipse
1275 1445 1396 1489 pater.
1808 1454 1873 1489 790

443 1577 523 1612 Hic
549 1578 686 1621 querit
723 1577 841 1621 quod,
880 1587 1013 1621 exquo
1050 1576 1203 1621 prelati
1238 1577 1426 1611 scribunt
1463 1578 1505 1611 et
1529 1576 1684 1611 docent
1710 1587 1760 1611 ea
1787 1587 1867 1621 que

397 1638 497 1671 sunt
535 1637 665 1679 pacis,
703 1636 909 1679 quomodo
943 1637 988 1670 in
1027 1635 1284 1670 eontrarium
1321 1646 1371 1670 ea
1407 1645 1484 1678 que
1516 1637 1615 1669 sunt
1649 1635 1745 1670 belli
1779 1645 1870 1678 pro-

399 1696 549 1729 curant
576 1696 618 1729 et
643 1696 880 1738 operantur.
943 1694 1008 1728 Acl
1035 1704 1160 1738 quam
1184 1696 1329 1729 tamen
1359 1693 1625 1737 questionem
1656 1693 1747 1737 ipse
1775 1695 1867 1728 sub-

399 1754 619 1796 sequenter
644 1752 883 1796 respondet.

279 1834 411 1883 Capm.
431 1846 466 1871 x,
553 1833 602 1870 In
631 1831 738 1871 libris
768 1833 860 1870 cleri
890 1834 1022 1872 Rome
1051 1833 1107 1871 sic
1135 1832 1306 1871 scribere
1334 1833 1438 1872 vidi:

507 1899 583 1936 ‘Vt
612 1898 753 1936 melius
783 1899 902 1946 viuas,
934 1899 1008 1936 hec
1037 1911 1126 1937 mea
1156 1899 1298 1948 scripta
1327 1899 1445 1948 legas.

502 1964 574 2001 Vis
604 1964 749 2002 seruire
778 1964 866 2011 deo,
897 1963 954 2002 vis
985 1977 1149 2003 noscere
1178 1964 1308 2014 qualia
1337 1963 1497 2013 querit?

504 2030 596 2066 Hec
625 2029 721 2078 lege,
753 2035 929 2079 tuncque
957 2030 1057 2068 scies
1086 2031 1253 2079 qualiter
1282 2030 1380 2067 illud
1411 2030 1495 2067 erit.

502 2094 633 2143 Dilige
662 2101 796 2132 mente
825 2095 956 2142 deum,
988 2102 1089 2144 pete,
1120 2095 1249 2142 crede,
1280 2096 1397 2133 stude
1427 2095 1594 2133 reuereri
1612 2095 1648 2133 :²

501 2160 622 2197 Teste
651 2159 752 2197 libro
781 2160 884 2206 cleri,
916 2160 972 2197 sic
1001 2159 1110 2198 iubet
1140 2161 1224 2210 ipse
1257 2161 1350 2209 geri.

504 2225 600 2261 ‘Est
629 2224 721 2273 quia
750 2224 828 2261 vita
856 2223 999 2271 breuis,
1031 2225 1121 2274 fuge
1150 2226 1263 2263 luxus
1293 2225 1466 2274 corporis
1498 2237 1648 2272 omneS,

502 2290 731 2338 Preponens
760 2289 893 2327 anime
921 2290 1043 2327 celica
1073 2290 1179 2327 dona
1208 2295 1298 2327 tue:

501 2354 704 2392 Iusticiam
733 2366 857 2401 serua,
887 2361 955 2391 tua
984 2355 1031 2392 sit
1060 2355 1122 2392 lex
1150 2354 1337 2392 omnibus
1367 2366 1470 2404 equa
1486 2369 1497 2403 3

501 2420 597 2457 Hoc
625 2419 744 2456 facias
772 2419 848 2466 alii,
881 2419 991 2468 quod
1019 2420 1131 2468 cupis
1160 2419 1244 2468 ipse
1273 2418 1368 2457 tibi:
1798 2428 1864 2458 800

498 2484 558 2521 Ex
588 2490 672 2522 toto
701 2484 821 2522 corde
851 2484 1059 2522 dominum
1090 2491 1132 2521 tu
1162 2484 1291 2533 dilige,
1323 2491 1406 2522 tota

501 2549 561 2586 Ex
589 2549 802 2598 animaque
831 2549 947 2586 simul
977 2549 1025 2587 sit
1054 2548 1125 2587 tibi
1155 2549 1279 2586 fratris
1309 2561 1444 2588 amor:

498 2614 635 2663 Gignit
664 2626 808 2663 nempe
838 2614 902 2652 dei
932 2614 1098 2652 dileccio
1127 2614 1251 2651 fratris
1279 2608 1467 2660 amorem,

499 2679 550 2716 Et
579 2679 738 2717 diuinus
767 2692 878 2717 amor
907 2679 1030 2716 fratris
1059 2691 1193 2717 amore
1221 2679 1334 2728 viget.

498 2744 668 2781 Munera
697 2745 753 2782 fer
782 2745 942 2791 miseris,
974 2756 1052 2794 que
1081 2744 1211 2783 Cristo
1241 2744 1338 2782 ferre
1368 2746 1522 2793 teneris,

499 2810 622 2846 Arma
651 2808 795 2858 quibus
826 2821 982 2856 noceas,
1012 2807 1116 2846 bella
1145 2820 1219 2846 nec
1248 2809 1323 2846 vlla
1352 2822 1485 2858 geras:

852 2888 1013 2930 Heading
1054 2899 1074 2920 2
1091 2889 1333 2921 incontrarium
1353 2890 1377 2921 S
