2095 3173
709 239 895 280 LIBER
935 238 1234 288 QUARTUS
1628 252 1703 290 199

240 346 340 382 dicit
368 349 511 382 tamen
536 347 646 391 quod
672 346 898 382 secundum
927 344 1132 389 quasdam
1158 344 1342 379 Burnelli
1371 344 1704 379 constituciones

240 406 336 440 istis
353 406 544 450 precipue
561 406 705 441 diebus
721 405 868 439 modus
884 406 926 439 et
944 403 1087 447 regula
1105 402 1329 447 specialius
1347 402 1635 438 obseruantur.

52 493 177 542 Capm.
200 492 316 529 xxiiii.
404 493 586 530 Diuersat
615 492 749 529 fratres
779 490 1056 529 tantummodo
1085 490 1203 528 vestis
1232 501 1381 536 eorum,

355 558 424 595 Hii
453 565 585 595 tamen
617 557 786 594 existunt
815 556 1052 593 condicione
1081 567 1216 604 pares:

350 623 503 672 Regula
532 623 638 659 nulla
668 629 813 668 manet,
844 621 968 658 fuerat
997 631 1075 669 que
1103 620 1205 657 facta
1233 632 1302 668 per
1329 626 1431 666 ante,

349 688 414 725 Set
444 699 572 725 nouus
603 687 700 724 ordo
730 698 880 724 nouum
910 686 987 722 iam
1017 685 1110 722 facit
1139 697 1258 722 omne
1287 685 1425 722 forum.

349 753 458 790 Sicut
487 753 593 790 enim
622 752 783 789 fratrum
813 763 919 787 nunc
948 750 1046 788 ordo
1077 750 1292 796 resoluitur,
1325 762 1418 788 ecce

351 818 529 855 Ecclesie
558 829 696 854 norma
725 817 767 853 fit
797 816 908 865 quasi
937 822 1020 853 tota
1051 827 1184 862 noua,

349 883 416 920 Set
445 895 553 920 sacer
581 882 679 920 ordo
709 889 842 919 tamen
873 889 1059 929 remanet,
1091 893 1210 930 quem
1240 887 1418 918 sanxerat
1448 881 1542 918 olim

352 948 483 985 Frater
512 947 732 993 Burnellus,
763 945 902 984 crescit
931 952 970 984 et
999 946 1062 983 ille
1091 946 1225 995 magis.
1624 962 1706 994 1190

350 1014 440 1050 Hec
470 1013 627 1050 decreta
657 1012 789 1058 modo,
823 1012 1030 1049 Burnellus
1059 1023 1137 1060 que
1167 1009 1376 1056 statuebat,

349 1078 497 1115 Omnia
526 1090 606 1114 non
636 1089 765 1115 resero
796 1089 869 1114 nec
898 1088 1067 1113 reserare
1097 1075 1211 1122 volo,

349 1144 415 1180 Set
444 1143 525 1180 duo
555 1143 632 1179 iam
661 1149 814 1179 tantum
844 1153 921 1190 que
950 1141 1060 1177 iussit
1090 1140 1129 1176 in
1160 1140 1298 1178 ordine
1327 1140 1468 1186 dicam,

351 1208 401 1245 Et
432 1215 522 1245 sunt
551 1207 722 1256 presenti
752 1214 929 1255 tempore
958 1206 1040 1242 iura
1069 1205 1191 1253 quasi.

406 1272 642 1310 Mandatum
672 1272 841 1320 primum
871 1270 942 1308 tibi
972 1270 1148 1316 contulit,
1180 1282 1300 1308 omne
1330 1270 1518 1317 iocosum,

352 1337 556 1386 Quicquid
585 1337 624 1373 in
654 1336 750 1374 orbe
779 1337 918 1385 placet,
951 1335 1047 1373 illud
1076 1334 1222 1373 habere
1252 1336 1368 1373 licet:

350 1402 390 1439 Si
418 1402 475 1439 vis
506 1402 679 1448 mercari,
714 1401 764 1439 sis
795 1400 1069 1446 mercenarius,
1100 1407 1233 1437 autem

349 1468 390 1505 Si
418 1468 475 1504 vis
505 1467 688 1513 mechari,
720 1467 787 1504 dat
816 1466 898 1513 tibi,
931 1466 1094 1503 mechus
1124 1465 1224 1503 eris:

349 1533 441 1580 Que
469 1532 592 1580 magis
621 1532 697 1568 vlla
726 1544 817 1569 caro
847 1531 1055 1576 desiderat,
1087 1530 1152 1567 illa
1171 1529 1289 1568 beato

349 1597 449 1634 Sunt
479 1597 582 1633 fratri
612 1603 746 1633 nostro
776 1595 910 1633 debita
939 1596 1022 1632 iura
1052 1594 1185 1632 modo.
1625 1609 1709 1630 1200

354 1662 576 1711 Precipiens
606 1662 701 1698 vltra
722 1662 855 1699 statuit
885 1661 935 1699 de
964 1661 1049 1710 lege
1079 1659 1264 1704 secunda,

351 1727 472 1775 Quod
503 1739 676 1764 nocuum
705 1727 811 1764 carni
841 1727 889 1764 sit
919 1726 1055 1775 procul
1085 1738 1204 1763 omne
1233 1724 1328 1762 tibi:

351 1793 483 1830 Omne
513 1791 622 1840 quod
651 1799 709 1828 est
737 1792 868 1829 anime
898 1797 1099 1839 reputatur
1129 1790 1168 1826 in
1198 1790 1337 1827 ordine
1366 1789 1452 1835 vile,

352 1858 403 1894 Et
432 1869 522 1894 caro
552 1856 711 1894 delicias
741 1854 861 1893 debet
890 1855 1036 1893 habere
1065 1867 1178 1892 suas:

351 1923 433 1961 Cor
460 1921 634 1959 dissolue
663 1928 784 1966 tuum,
818 1928 856 1957 te
887 1920 1015 1957 nullus
1046 1930 1217 1967 namque
1246 1917 1390 1967 ligabit,

354 1988 446 2035 Quo
475 1986 532 2023 vis
561 1985 661 2023 vade
691 1992 776 2022 tuas
806 1985 904 2023 liber
933 1984 1077 2033 vbique
1108 1984 1198 2021 vias.

354 2050 544 2089 Mollibus
575 2057 734 2087 ornatus
764 2050 819 2087 sic
849 2051 1002 2099 dignior
1031 2049 1129 2087 ordo
1160 2048 1341 2087 nouellus

354 2118 492 2154 Restat
522 2115 707 2162 Burnelli,
739 2115 821 2152 vult
850 2116 942 2164 quia
972 2115 1071 2153 velle
1101 2115 1180 2151 viri.

353 2182 419 2219 Nil
449 2180 567 2217 michi
598 2179 832 2226 Bernardus,
865 2180 984 2216 nichil
1013 2179 1203 2217 ammodo
1232 2191 1301 2216 seu
1332 2178 1572 2216 Benedictus

352 2248 448 2292 Sint,
481 2253 538 2283 set
568 2245 776 2282 Burnellus
806 2245 854 2282 sit
885 2245 994 2282 Prior
1022 2245 1106 2294 ipse
1136 2256 1274 2290 meus,
1625 2257 1707 2279 1210

353 2313 445 2360 Quo
475 2312 577 2360 viget
606 2322 656 2347 en
685 2310 811 2347 carnis
841 2310 1005 2359 requies,
1037 2322 1117 2358 quo
1146 2309 1278 2357 lingua
1307 2308 1501 2357 precantis

353 2379 389 2414 A
419 2388 533 2426 prece
562 2382 788 2424 torpescens
820 2375 861 2412 fit
891 2375 1002 2424 quasi
1031 2382 1113 2412 tota
1142 2374 1284 2411 silens:

355 2441 545 2490 Ordoque
573 2441 630 2478 sic
658 2440 840 2489 precibus
871 2441 966 2478 dum
998 2440 1077 2477 vult
1106 2449 1331 2476 succurrere
1361 2436 1487 2483 nobis,

356 2507 512 2554 Linquo
541 2505 666 2542 choax
695 2505 798 2542 ranis
828 2511 866 2543 et
896 2505 1016 2542 nichil
1046 2504 1139 2542 inde
1169 2503 1320 2551 magis:

238 2639 243 2646 ·
290 2626 449 2666 Headt'ng
462 2635 481 2664 5
505 2624 696 2664 specialiter
712 2625 736 2655 S

294 2689 374 2718 1197
399 2683 510 2708 autem
538 2676 643 2707 STH2
702 2681 737 2706 et
761 2675 790 2706 si
817 2675 1010 2706 CEHGDL
1176 2675 1258 2713 1198
1288 2674 1366 2704 Text
1391 2672 1496 2703 STH2
1556 2672 1707 2703 Mechari

249 2732 366 2771 cupias
389 2731 445 2761 dat
466 2728 524 2759 tibi
546 2728 640 2759 GDL
723 2727 876 2758 Mechari
901 2728 1015 2767 cupias
1040 2726 1161 2757 ordine
1185 2725 1281 2756 CEH
1519 2734 1603 2763 1209
1625 2724 1704 2764 seu]

250 2784 297 2814 uel
330 2783 356 2813 C
572 2789 654 2810 1212
696 2779 774 2810 Text
803 2779 909 2810 STH2
979 2779 1129 2809 Auribus
1161 2778 1251 2808 alma
1281 2782 1381 2808 sonat
1412 2782 1593 2816 menteque
1620 2787 1707 2807 vana

249 2835 334 2874 petit
365 2832 558 2865 CEHGDL
750 2841 831 2869 1214
862 2831 938 2861 Text
954 2830 1060 2862 STHz
1123 2829 1214 2859 Folia
1232 2839 1299 2859 non
1317 2829 1447 2860 fructus
1464 2829 1607 2868 percipit
1624 2828 1703 2858 inde

249 2890 333 2920 deus
350 2887 542 2919 CEHGDL
