2121 3173
467 241 549 281 342

186 601 276 632 Nota
293 601 348 632 hic
368 601 555 631 secundum

141 655 321 676 commune
352 645 477 675 dictum
512 645 555 674 de

141 689 266 728 pietate
343 688 555 719 serenissimi

142 733 232 772 regis
251 731 405 770 Henrici,
419 741 554 762 necnon

142 777 185 806 de
205 775 379 816 impietate
397 785 463 814 qua
482 785 554 805 cru-

142 820 334 851 delissimus
386 819 556 850 Ricardus

142 873 296 903 regnum,
325 863 403 894 dum
435 862 556 902 potuitp

142 907 307 938 tirannice
324 906 471 938 vexauit.

195 1679 259 1709 Hic
299 1678 332 1707 in
368 1675 563 1716 exemplum

148 1722 291 1753 aliorum
328 1720 466 1751 Ricardi
505 1720 562 1749 de-

151 1766 270 1796 merita
294 1773 565 1796 commemorans-

152 1809 299 1841 tinaliter
319 1807 531 1848 recapitulat„

958 226 1241 269 CRONICA
1280 224 1666 266 TRIPERTITA

684 334 834 374 Reddit
863 334 898 373 ei
928 332 1034 380 mite,
1065 331 1133 382 qui
1162 333 1354 370 clauserat
1383 331 1519 370 Vltima
1546 331 1648 370 vite:

685 402 868 438 Mortuus
900 400 947 437 R.
979 397 1127 445 transit,
1158 397 1296 436 viuens
1326 397 1473 448 probus
1505 398 1558 435 H.
1591 410 1669 447 que
1697 396 1895 444 remansit,
1982 402 2046 443 462

684 466 816 514 Quem
847 465 944 503 deus
974 463 1134 510 extollit,
1166 470 1204 502 et
1232 463 1284 501 ab
1315 464 1362 501 R.
1395 476 1465 501 sua
1493 475 1680 513 prospera
1708 461 1819 500 tollit.

738 530 775 569 O
805 543 924 579 quam
954 529 1161 580 pensando
1190 541 1319 567 mores
1348 528 1555 578 variosque
1583 527 1773 575 notando,

685 594 724 633 Si
755 594 857 633 bene
886 601 1089 642 scrutetur,
1122 595 1170 632 R.
1202 594 1253 633 ab
1285 595 1338 632 H.
1371 593 1515 633 distare
1543 593 1721 636 videtur!

685 660 823 699 Clarus
853 673 1046 708 sermone,
1078 659 1311 698 tenebrosus
1340 666 1379 698 et
1408 658 1513 698 intus
1541 672 1680 709 agone,

686 726 734 762 R.
766 738 906 775 pacem
936 724 1057 775 fingit,
1089 726 1186 764 dum
1216 724 1352 763 mortis
1381 726 1514 764 federa
1543 724 1721 775 stringit:

686 791 843 841 Duplex
871 790 1033 829 cautelis
1062 790 1134 828 fuit
1164 792 1225 837 R„
1257 789 1344 840 pius
1376 792 1429 828 H.
1461 803 1538 841 que
1567 790 1694 828 fidelis
1710 804 1720 838 5

690 857 736 893 R.
769 863 921 906 pestem
952 855 1081 903 mittit,
1114 864 1281 894 mortem
1311 855 1399 906 pius
1430 857 1483 893 H.
1517 869 1594 905 que
1623 855 1784 894 remittit
1799 870 1810 903 ς

689 923 736 959 R.
766 921 996 960 seruitutem
1025 920 1170 968 statuit,
1202 921 1290 972 pius
1321 922 1374 959 H.
1407 934 1485 971 que
1514 922 1680 959 salutem
1696 935 1707 969 ς

688 988 735 1025 R.
767 986 925 1037 plebem
954 994 1070 1034 taxat,
1101 994 1208 1025 taxas
1237 985 1325 1037 pius
1356 988 1410 1024 H.
1442 999 1520 1037 que
1548 987 1693 1025 relaxat
1707 1000 1719 1034 ς

690 1055 736 1091 R.
770 1067 950 1104 proceres
980 1053 1065 1092 odit
1094 1061 1132 1092 et
1161 1067 1298 1092 eorum
1328 1052 1465 1104 predia
1493 1053 1607 1101 rodit,
1991 1067 2056 1100 470

688 1120 742 1156 H.
774 1119 894 1166 fouet,
925 1119 1172 1169 heredesque
1201 1131 1290 1157 suas
1319 1125 1509 1157 restaurat
1537 1118 1577 1156 in
1607 1119 1727 1165 edes;

690 1185 737 1222 R.
769 1197 933 1234 regnum
962 1191 1088 1222 vastat
1116 1183 1261 1223 vindex
1289 1190 1328 1223 et
1356 1183 1396 1222 in
1426 1183 1612 1222 omnibus
1639 1191 1751 1231 astat,

691 1249 840 1287 Mulset
870 1255 1056 1287 terrorem
1086 1248 1173 1299 pius
1204 1250 1272 1295 H.,
1304 1261 1382 1298 que
1411 1247 1564 1287 reducit
1591 1261 1779 1287 amorem.

690 1314 726 1351 O
756 1314 866 1360 deus,
900 1313 1091 1361 Henrico,
1122 1326 1241 1364 quem
1271 1312 1403 1363 diligo,
1436 1326 1556 1364 quem
1585 1312 1794 1359 benedico,

694 1380 756 1416 Da
784 1392 948 1428 regnum
977 1386 1107 1417 tutum
1136 1380 1245 1417 nulla
1271 1378 1462 1429 grauitate
1490 1379 1694 1417 volutum:

691 1443 781 1482 Vite
810 1443 1001 1494 presentis
1030 1443 1173 1494 pariter
1201 1443 1358 1493 viteque
1387 1443 1588 1494 sequentis

695 1510 755 1547 Da
785 1508 860 1546 sibi
891 1510 1175 1559 quodcumque
1205 1508 1355 1547 felicius
1386 1516 1444 1547 est
1473 1510 1524 1548 ad
1553 1517 1774 1559 Vtrumque.

747 1596 949 1637 Cronica
979 1596 1182 1644 Ricardi‚
1214 1596 1292 1647 qui
1322 1605 1509 1647 sceptra
1538 1597 1646 1635 tulit
1675 1596 1898 1647 leopardi,

693 1663 752 1700 Vt
785 1670 924 1712 patet,
956 1669 1026 1700 est
1055 1661 1183 1701 dicta
1211 1663 1387 1713 populo
1417 1670 1486 1701 set
1516 1676 1608 1701 non
1638 1662 1909 1701 benedicta:

692 1728 752 1764 Vt
781 1727 1023 1777 speculum
1051 1726 1222 1773 mundi,
1256 1740 1346 1777 quo
1375 1728 1452 1765 lux
1481 1726 1644 1777 nequit
1673 1728 1765 1765 vlla
1793 1727 1991 1773 refundi,

693 1792 768 1830 Sic
797 1805 970 1830 vacuus
1000 1791 1177 1839 transit,
1211 1792 1301 1831 sibi
1331 1791 1395 1830 nil
1425 1791 1516 1831 nisi
1544 1793 1681 1842 culpa
1710 1792 1942 1831 remansit.
1994 1800 2057 1839 481

693 1859 826 1897 Vnde
856 1857 1084 1908 superbus
1112 1865 1219 1905 erat,
1252 1858 1389 1896 modo
1419 1857 1456 1896 si
1484 1857 1704 1909 preconia
1733 1865 1906 1908 querat,

696 1923 807 1961 Eius
837 1924 985 1962 honor
1014 1924 1184 1970 sordet,
1215 1924 1314 1961 laus
1344 1924 1514 1974 culpat,
1545 1923 1693 1974 gloria
1722 1924 1913 1962 mordet.

697 1990 800 2027 Hoc
830 1996 1173 2027 concernentes
1203 1996 1401 2027 caueant
1430 1987 1509 2039 qui
1539 1995 1645 2027 sunt
1674 1988 1923 2039 sapientes,

697 2055 811 2092 Nam
843 2055 959 2092 male
987 2052 1201 2092 viuentes
1230 2054 1345 2092 deus
1375 2053 1474 2093 odit
1502 2053 1548 2091 in
1577 2053 1688 2093 orbe
1717 2061 1953 2104 regentes:

698 2120 769 2157 Est
797 2118 865 2169 qui
895 2126 1089 2169 peccator,
1120 2132 1201 2157 non
1230 2132 1316 2158 esse
1345 2126 1475 2170 potest
1503 2118 1752 2166 dominator,

701 2183 902 2222 Ricardo
932 2191 1060 2230 teste,
1094 2183 1201 2222 finis
1232 2184 1398 2234 probat
1427 2185 1514 2223 hoc
1543 2184 1815 2223 manifeste:

2116 2332 2120 2351 l

2117 2381 2119 2399 4

636 2370 700 2409 468
724 2369 787 2400 line
801 2379 867 2400 om.
887 2368 913 2399 C
1047 2379 1111 2408 473
1136 2367 1263 2399 Mulcet
1279 2368 1360 2400 GHs
1492 2370 1647 2408 478-483
1670 2369 1721 2401 As
1739 2369 1874 2401 follows
1891 2371 1926 2401 in
1944 2370 1983 2408 G,

767 2420 798 2452 Ο
823 2420 1001 2461 speculum
1025 2421 1154 2461 mundi,
1180 2421 1271 2460 quod
1296 2421 1398 2452 debet
1422 2420 1455 2451 in
1479 2426 1559 2453 ante
1584 2422 1728 2460 refundi,

725 2474 776 2504 Ex
799 2484 866 2513 quo
889 2473 1064 2513 prouisum
1087 2472 1227 2513 sapiens
1251 2477 1350 2504 acuat
1372 2473 1436 2504 sibi
1459 2473 1576 2513 visum,

724 2526 872 2557 Cronica
897 2525 1047 2564 Ricardi‚
1071 2526 1138 2565 qui
1163 2536 1292 2565 regna
1316 2526 1415 2556 tulit
1438 2526 1643 2567 leopardi,
1982 2526 2064 2565 480*
2116 2526 2119 2556 i

724 2577 773 2609 Vt
798 2583 925 2621 patet,
950 2582 1015 2609 est
1038 2578 1161 2616 dicta,
1185 2577 1336 2618 populo
1360 2578 1432 2609 sed
1456 2589 1535 2609 non
1560 2579 1793 2611 benedicta.
2116 2570 2119 2607 l

725 2630 896 2670 Quicquid
921 2635 993 2661 erat
1017 2630 1136 2670 primo,
1162 2629 1263 2660 modo
1289 2639 1364 2660 cum
1390 2640 1465 2661 sors
1489 2630 1596 2661 fertur
1619 2631 1652 2661 in
1677 2641 1768 2670 ymo,
2117 2619 2119 2631 Α

727 2682 808 2713 Eius
833 2683 943 2714 honor
965 2684 1094 2721 sordet,
1121 2682 1193 2713 laus
1218 2681 1340 2721 culpat,
1366 2681 1473 2722 gloria
1498 2683 1642 2715 mordet.
2116 2714 2119 2726 ,

595 2744 658 2774 479
669 2735 700 2765 ff.
722 2735 854 2775 margin
882 2729 960 2766 Text
973 2735 1030 2766 SG
1077 2734 1143 2765 Hic
1167 2734 1201 2765 in
1226 2735 1294 2765 fine
1318 2735 1487 2765 cronicam
1514 2735 1620 2774 Regis
1643 2734 1781 2766 Ricardi
1802 2734 1989 2765 secundum
2005 2743 2065 2764 sua
2115 2755 2118 2775 3

594 2787 757 2817 demerita
791 2788 941 2818 breuiter
972 2787 1178 2818 determinat
1206 2786 1270 2817 CH
1330 2786 1394 2817 Hic
1420 2787 1668 2818 determinatur
1691 2787 1734 2817 de
1763 2786 1933 2817 demeritis
1959 2785 2065 2824 Regis
2116 2782 2119 2810 ἱ

598 2837 737 2869 Ricardi
756 2838 804 2870 H³
938 2849 1002 2880 479
1027 2839 1155 2879 populo
1179 2842 1232 2869 set
1256 2848 1323 2870 non
1347 2839 1529 2871 benedicta
1554 2839 1607 2870 SC
1654 2838 1803 2870 violenta
1827 2838 1940 2878 grauis
1963 2837 2064 2869 male·
2116 2813 2119 2838 1

595 2891 684 2920 dicta
704 2889 788 2921 HHs
