2095 3173
439 195 515 222 112

909 183 1040 224 VOX
1081 183 1441 224 CLAMANTIS

546 291 729 340 Suscepit
759 290 897 340 culpas
925 297 966 328 vt
995 297 1218 328 remoueret
1248 303 1325 329 eas.

546 356 665 394 Nunc
694 362 840 403 tamen,
872 362 912 393 vt
941 355 1120 402 dicunt,
1151 362 1222 394 est
1251 355 1411 405 presul
1440 356 1550 394 talis
1580 355 1620 394 in
1651 354 1758 402 orbe,

547 422 627 470 Qui
657 421 776 460 docet
806 421 883 458 hoc
913 421 1074 467 factum,
1106 433 1181 459 nec
1210 427 1345 459 tamen
1375 421 1473 459 illud
1501 421 1605 471 agit:

545 487 649 525 Nam
680 486 747 535 qui
777 486 828 524 de
858 485 1017 535 proprio
1046 498 1089 524 se
1117 486 1214 524 ledit
1242 486 1418 534 crimine,
1450 499 1536 524 raro

544 551 723 589 Efficitur
752 551 853 589 curis
884 551 948 588 hic
976 551 1105 590 aliena
1134 552 1265 590 salus:

545 617 639 655 Non
668 616 772 654 valet
802 617 867 655 ille
896 617 974 655 deo
1003 617 1182 656 conferre
1212 617 1384 656 salubria
1412 624 1517 665 voto,

542 683 608 721 Ad
637 682 778 720 mundi
807 682 958 720 cultum
987 683 1055 732 qui
1085 683 1195 721 dedit
1224 695 1344 721 omne
1373 696 1501 721 suum.

599 748 736 786 Presul
766 747 806 784 in
836 746 932 785 orbe
961 760 1118 797 gregem
1149 760 1284 786 curare
1314 755 1469 787 tenetur
1498 755 1692 799 egentem,

544 814 638 862 Ipse
666 813 806 851 videns
836 813 1011 850 maculas
1041 825 1185 863 vngere
1214 812 1335 852 debet
1365 826 1454 852 eas:
1847 827 1911 860 190

544 879 611 917 Set
641 878 672 915 si
702 884 909 928 magnatos
939 878 1070 927 presul
1100 884 1239 916 noscat
1268 879 1500 925 maculatos,

543 944 639 982 Illos
670 956 751 981 non
781 944 901 982 audet
930 956 1084 993 vngere,
1117 956 1292 993 namque
1321 944 1446 982 timet.

541 1010 581 1048 Si
610 1009 751 1059 reliqui
780 1015 957 1058 peccent,
989 1009 1086 1058 quid
1115 1008 1168 1047 ob
1198 1009 1275 1047 hoc
1304 1009 1402 1047 dum
1430 1010 1585 1048 soluere
1614 1010 1810 1060 possunt?

540 1076 797 1125 Torquentur
825 1074 944 1113 bursa
973 1075 1028 1112 sic
1058 1087 1146 1113 reus
1176 1081 1297 1125 atque
1325 1087 1419 1114 rea:

541 1141 634 1190 Ipse
663 1141 788 1191 gregis
816 1140 969 1179 loculos
999 1140 1158 1190 mulget,
1191 1141 1308 1178 trahit
1337 1141 1378 1178 in
1409 1139 1659 1191 tribulosque

541 1206 672 1246 Cause
702 1219 782 1256 quo
812 1206 902 1244 lana
930 1206 1040 1244 vulsa
1069 1205 1246 1244 manebit
1276 1206 1325 1244 ei.

541 1271 664 1320 Quod
693 1284 836 1321 corpus
866 1279 1004 1321 peccat
1033 1271 1235 1321 peccantis
1266 1271 1384 1310 bursa
1413 1271 1585 1310 relaxat:

541 1339 633 1375 Hec
663 1344 840 1375 statuunt
869 1338 952 1375 iura
981 1337 1146 1386 presulis
1176 1349 1269 1375 ecce
1300 1349 1420 1376 noua.

541 1403 605 1440 Sic
634 1402 812 1441 iteranda
841 1403 964 1440 modo
992 1414 1117 1440 venus
1146 1403 1256 1440 affert
1285 1402 1392 1440 lucra
1421 1402 1611 1452 registr03

542 1470 652 1506 Dum
681 1469 826 1518 patitur
854 1468 984 1515 bursa,
1016 1474 1108 1506 sunt
1137 1467 1308 1506 residiua
1337 1467 1471 1506 mala:
1846 1481 1910 1504 200

542 1535 652 1571 Dum
680 1534 835 1572 loculus
864 1539 1027 1582 pregnat
1056 1533 1160 1580 satis,
1193 1534 1442 1582 impregnare
1473 1531 1609 1571 licebit
1624 1546 1634 1580 3

544 1600 624 1637 Dat
652 1606 785 1649 partus
814 1599 934 1637 loculi
963 1599 1046 1636 iura
1075 1597 1239 1636 subacta
1269 1597 1352 1637 tsbi.

540 1665 605 1704 Sic
634 1665 751 1703 timor
779 1671 817 1702 et
845 1665 998 1701 lucrum
1029 1670 1120 1702 sunt
1150 1664 1218 1713 qui
1248 1670 1410 1713 peccata
1439 1663 1627 1710 relaxant,

540 1730 624 1769 Sub
654 1742 824 1780 quorum
852 1728 1037 1768 manibus
1066 1741 1187 1767 omne
1216 1729 1412 1768 recumbit
1440 1741 1569 1778 opus:

542 1796 607 1834 Sic
635 1795 732 1833 lucri
761 1807 880 1833 causa
908 1795 1039 1844 presul
1069 1795 1216 1832 mulcet
1245 1806 1315 1832 sua
1344 1794 1440 1840 iura,

540 1861 696 1900 Annuit
724 1868 762 1899 et
792 1861 935 1899 nostris
964 1861 1021 1898 fas
1050 1859 1241 1898 adhibere
1272 1860 1414 1898 malis:

542 1928 779 1965 Mammona
807 1927 863 1964 sic
893 1926 1046 1964 nummi
1075 1925 1191 1964 nobis
1221 1925 1422 1975 dispensat
1452 1925 1588 1974 iniqui,

542 1993 637 2031 Non
667 1998 801 2030 tamen
830 1998 984 2030 eternas
1014 1997 1162 2041 prestat
1191 1990 1337 2029 habere
1366 1990 1525 2028 domos.

596 2058 717 2096 Nunc
746 2057 837 2094 furit
866 2068 916 2094 en
948 2056 1086 2103 Iudex,
1118 2056 1150 2093 si
1180 2055 1381 2093 luxuracio
1411 2055 1579 2104 simplex

543 2123 640 2169 Fiat,
672 2128 711 2160 et
741 2122 937 2160 incestum
966 2121 1093 2159 nescit
1122 2121 1269 2159 habere
1297 2133 1437 2160 reum:
1844 2132 1909 2157 210

543 2188 583 2226 Si
612 2187 755 2225 coheat
783 2186 906 2223 laicus
938 2186 1132 2223 resolutus
1163 2198 1254 2222 cum
1284 2185 1468 2232 resoluta,

543 2252 701 2291 Clamat
729 2252 769 2288 in
799 2251 965 2289 ecclesia
993 2250 1120 2288 clerus
1149 2256 1187 2288 et
1217 2250 1347 2288 horret
1377 2262 1446 2297 ea;

544 2317 684 2357 Clerus
714 2323 753 2355 et
782 2316 822 2354 in
852 2316 988 2354 cohitu
1018 2316 1050 2353 si
1079 2321 1228 2365 peccet,
1260 2315 1315 2352 nil
1344 2321 1559 2364 reputatur,

547 2384 657 2420 Dum
688 2382 815 2420 Iudex
844 2394 962 2419 cause
990 2393 1160 2430 parsque
1190 2381 1238 2418 sit
1270 2380 1354 2429 ipse
1384 2392 1464 2418 sue.

544 2449 608 2486 Sic
637 2447 760 2486 modo
790 2447 844 2485 dii
872 2447 1001 2496 gentis
1030 2445 1266 2484 subuertunt
1295 2445 1603 2494 cunctipotentis

548 2514 650 2559 Iura,
682 2525 760 2562 que
789 2512 886 2550 dant
915 2511 1036 2549 michi
1066 2511 1137 2558 ius,
1169 2522 1257 2548 sum
1287 2510 1410 2559 magis
1439 2509 1545 2547 vnde
1573 2522 1688 2549 reus:

544 2578 689 2627 Sicque
716 2583 882 2627 granant
910 2577 1007 2614 alios
1036 2576 1136 2615 duro
1165 2574 1239 2613 sub
1269 2575 1446 2624 pondere
1474 2587 1641 2625 pressos,

545 2644 675 2692 Inque
704 2642 784 2680 suis
813 2642 987 2680 humeris
1015 2653 1135 2690 quam
1163 2641 1251 2678 leue
1280 2640 1399 2677 fertur
1427 2652 1542 2679 onus.

546 2708 655 2745 onr
682 2708 877 2746 adulterio
907 2707 1101 2756 deprensa
1130 2705 1350 2751 remittitur,
1382 2705 1423 2742 in
1453 2717 1535 2755 quo

546 2772 784 2822 Exemplum
813 2772 929 2811 venie
958 2771 1109 2810 Cristus
1139 2769 1285 2808 habere
1314 2769 1432 2809 docet
1446 2784 1457 2819 3
1841 2786 1904 2808 220

1043 2855 1103 2887 193
1127 2845 1258 2886 possint
1277 2845 1307 2877 D
