2095 3173
421 261 502 313 278

888 259 1018 301 VOX
1059 258 1418 301 CLAMANTIS

531 367 822 416 Mendacisque
850 366 919 404 diu
948 365 1104 414 pietatis
1133 365 1278 403 fallitur
1305 363 1453 411 vmbra,

529 432 631 469 Tam
661 431 750 477 cito,
783 442 874 467 cum
903 430 1058 479 grauius
1088 428 1184 479 quid
1214 429 1288 467 sibi
1317 430 1415 467 ferre
1444 429 1552 467 velis.

530 497 594 535 Sic
623 496 738 544 lupus
767 494 910 543 agnelli
939 500 1066 532 tectus
1094 493 1169 532 sub
1199 494 1342 532 vellere
1371 494 1512 532 dentes

531 560 678 607 Nudat‚
710 566 748 598 et
778 558 922 596 infecta
951 557 1089 608 pandit
1119 565 1254 607 operta
1283 558 1410 596 mala:

529 625 611 664 Sub
641 625 730 662 vicii
759 632 846 663 taxa
876 624 931 662 sic
959 624 1080 662 virtus
1110 625 1212 662 victa
1240 624 1404 670 laborat,

530 691 649 729 Liber
678 698 716 729 et
745 703 767 728 a
797 703 912 729 seruo
942 691 996 727 nil
1025 691 1147 728 modo
1177 690 1269 728 iuris
1299 689 1430 728 habet.
1829 703 1891 726 210

529 757 594 795 Ad
623 756 811 805 placitum
841 755 951 794 viciis
980 756 1157 793 laxantur
1185 756 1294 793 frena
1323 756 1497 805 pudoris,

530 823 584 859 Vt
614 821 754 859 tollant
782 827 930 870 gratam
962 819 1138 858 moribus
1168 821 1222 858 ire
1251 821 1366 858 viam.

530 887 594 924 Sic
623 899 697 937 ego
727 886 925 924 concludo
955 885 1137 931 breuiter,
1167 886 1288 923 virtus
1318 886 1427 934 quod
1456 885 1602 935 vbique

528 950 726 999 Subiacet,
759 958 797 989 et
826 951 972 988 vicium
1002 963 1150 989 scanna
1178 951 1307 1000 priora
1336 957 1468 989 tenet:

529 1017 672 1056 Omnis
702 1023 740 1055 et
770 1023 930 1055 econtra
960 1017 1055 1054 fallit
1085 1016 1208 1054 modo
1238 1016 1370 1066 regula
1398 1028 1520 1062 versa,

530 1084 630 1121 Sunt
660 1089 698 1120 et
728 1083 768 1119 in
798 1080 894 1120 orbe
924 1094 1032 1120 nouo
1061 1088 1205 1119 cuncta
1233 1080 1373 1119 referta
1402 1080 1508 1119 dolo.

469 1207 547 1242 Hic
572 1207 759 1250 loquitur
783 1206 916 1240 adhuc
939 1206 1119 1241 vlterius
1145 1205 1195 1240 de
1218 1205 1401 1240 miseriis
1423 1215 1503 1248 que
1521 1205 1563 1238 in
1582 1204 1729 1248 pedum
1755 1205 1896 1238 statue

421 1266 667 1301 diuersitate
684 1265 928 1300 nouissimis
945 1265 1028 1299 iam
1045 1265 1304 1309 temporibus
1322 1264 1563 1299 eueniendis
1580 1264 1870 1307 figurabantur
1887 1273 1895 1297 :

422 1325 524 1359 dicit
559 1324 668 1359 enim
700 1324 809 1367 quod
838 1334 890 1358 ea
920 1334 996 1368 que
1029 1334 1162 1368 nuper
1198 1323 1458 1358 condicionis
1489 1323 1671 1357 humane
1704 1322 1898 1357 virtuosa

421 1384 600 1424 fuerant,
619 1382 662 1415 in
681 1393 800 1416 suum
817 1382 941 1416 modo
960 1382 1218 1417 contrarium
1236 1381 1403 1425 singula
1420 1381 1694 1416 diuertuntur.

290 1468 419 1514 (Japm.
443 1465 507 1501 iiii„

594 1465 676 1501 Res
707 1464 749 1500 fit
778 1476 910 1501 amara
939 1464 1062 1501 modo
1091 1463 1229 1510 dulcis,
1262 1463 1304 1500 fit
1333 1462 1460 1501 dulcis
1489 1474 1632 1508 amara,

534 1528 723 1577 Fedaque
755 1529 797 1566 fit
827 1529 975 1577 pulcra,
1006 1528 1142 1566 deficit
1171 1529 1270 1566 ordo
1300 1527 1416 1576 quia:

533 1595 597 1632 Fit
627 1595 733 1632 scola
763 1607 870 1632 nunc
900 1594 1061 1641 heresis,
1093 1594 1193 1631 fiunt
1222 1600 1465 1642 peccataque
1494 1604 1635 1638 mores,

537 1660 599 1697 Fit
629 1659 745 1698 dolus
774 1660 990 1708 ingenium,
1022 1666 1213 1708 raptaque
1242 1658 1364 1707 preda
1393 1658 1570 1696 lucrum:
1839 1671 1902 1693 220

535 1725 596 1762 Fit
626 1736 734 1762 sacer
764 1724 863 1762 ordo
893 1736 1024 1773 vagus,
1057 1724 1210 1772 fingens
1239 1723 1416 1772 ypocrita
1445 1728 1616 1768 sanctus,

538 1789 796 1838 Magniloqus
826 1788 997 1837 sapiens,
1027 1789 1169 1825 stultus
1198 1794 1237 1825 et
1267 1787 1351 1836 ipse
1381 1787 1524 1825 silens:

536 1854 754 1893 Confessor
783 1854 913 1891 mollis
943 1860 1128 1902 peccator
1157 1853 1200 1890 fit
1230 1853 1436 1898 residiuus,

537 1920 671 1958 Verba
701 1920 794 1957 satis
824 1926 971 1964 sancta,
1002 1919 1105 1956 facta
1134 1925 1193 1956 set
1223 1918 1308 1967 ipsa
1336 1918 1451 1955 mala.

536 1986 722 2024 Custodit
751 1985 879 2033 vulpis
908 1985 1032 2022 modo
1062 1984 1190 2034 pullos
1220 1990 1259 2021 et
1289 1984 1404 2032 lupus
1434 1994 1568 2032 agnos,

540 2049 724 2088 Perdices
755 2050 864 2088 nisus
893 2050 1079 2099 lignaque
1109 2048 1213 2087 sicca
1243 2049 1367 2086 focus.

540 2117 736 2153 Doctores
765 2115 866 2152 vicia
895 2113 1104 2152 mendacia
1133 2120 1340 2163 suntque
1369 2113 1622 2162 prophete3

542 2178 695 2217 Fabula
723 2179 815 2216 ficta
844 2179 984 2227 placet,
1017 2179 1127 2216 litera
1156 2191 1264 2216 sacra
1294 2177 1439 2215 nichil:

543 2244 736 2293 Displicet
767 2243 981 2292 expediens
1011 2243 1201 2289 doctrina,
1234 2249 1292 2280 set
1324 2242 1387 2279 illa
1416 2242 1598 2290 voluptas

540 2309 747 2346 Dictorum
778 2308 945 2345 Veneris
974 2307 1119 2356 gaudet
1148 2307 1187 2344 in
1218 2319 1311 2344 aure
1341 2306 1444 2344 satis.
1843 2320 1908 2352 230

544 2374 663 2411 Nunc
692 2385 803 2410 amor
832 2378 890 2410 est
920 2372 1044 2419 luxus,
1076 2379 1114 2410 et
1142 2372 1379 2409 adulterium
1409 2370 1532 2408 modo
1563 2369 1687 2416 nubit,

545 2439 597 2477 Et
628 2438 739 2476 iubet
768 2438 941 2476 incestus
971 2438 1054 2475 iura
1083 2437 1228 2486 pudica
1257 2436 1402 2474 michi:

546 2505 595 2541 In
623 2504 784 2552 vulgum
814 2503 940 2540 clerus
969 2502 1221 2548 conuertitur,
1253 2508 1292 2539 et
1321 2500 1444 2538 modo
1473 2500 1638 2549 vulgus

548 2569 594 2605 In
625 2568 750 2606 forma
779 2568 871 2605 cleri
901 2568 1074 2616 disputat
1103 2573 1190 2604 acta
1219 2566 1295 2604 dei.

606 2634 705 2671 Sunt
736 2633 838 2671 serui
868 2633 1031 2679 domini,
1063 2639 1153 2670 sunt
1182 2638 1220 2669 et
1250 2631 1403 2669 domini
1433 2631 1556 2669 modo
1587 2631 1712 2676 serui;

550 2699 631 2746 Qui
662 2699 782 2735 nichil
812 2705 849 2736 et
879 2699 1030 2745 didicit,
1061 2697 1196 2736 onmia
1225 2697 1323 2734 scire
1353 2704 1486 2745 putat:

551 2764 738 2801 Rusticus
769 2764 929 2813 ingenui
959 2776 1000 2802 se
1030 2763 1205 2801 moribus
1234 2762 1438 2799 assimilari

552 2828 693 2877 Fingit,
725 2835 763 2866 et
793 2829 833 2866 in
863 2835 970 2866 veste
999 2828 1066 2866 dat
1097 2840 1166 2865 sua
1196 2827 1306 2876 signa
1336 2827 1442 2874 fore;

490 2926 552 2956 218
576 2925 716 2965 pulchra
734 2927 760 2958 C
791 2922 798 2929 ⁴
861 2936 924 2966 237
951 2926 1076 2966 ingenii
1094 2925 1127 2957 H
1147 2926 1258 2967 (corr.)
1306 2925 1498 2965 Ingenuum
1518 2925 1544 2955 L
1645 2922 1833 2955 assimulari
1851 2921 1909 2952 CF,
