2095 3173
927 210 1059 251 VOX
1100 210 1460 251 CLAMANTIS

563 317 806 356 Alterutrum
836 322 1021 366 poterunt
1050 316 1232 354 homines
1261 316 1566 366 exemplificari3

565 383 646 420 Res
676 382 823 420 etenim
854 381 951 419 tales
982 381 1250 430 experimenta
1279 381 1439 420 docent.

564 448 652 485 Rex
680 453 739 484 est
767 444 936 495 quisque
965 446 1036 494 sui,
1069 445 1172 484 bene
1197 446 1265 496 qui
1293 447 1391 496 regit
1418 453 1516 494 acta,
1548 444 1711 493 beatus;

565 512 645 560 Qui
674 511 771 560 regit
800 517 888 548 acta
917 511 1030 559 male,
1063 524 1199 550 seruus
1229 512 1386 561 ineptus
1417 512 1514 550 erit:

565 579 653 615 Rex
681 575 913 626 appellaris:
942 577 1039 626 quid
1069 577 1177 615 inani
1206 578 1368 615 nomine
1396 577 1557 628 gaudes,

565 642 646 691 Qui
675 642 784 680 viciis
813 642 949 692 pulsus
979 654 1115 680 seruus
1144 641 1291 692 vbique
1320 643 1456 681 iaces?

565 709 648 747 Cur
675 708 784 746 viciis
815 708 934 746 seruit
964 708 1031 758 qui
1061 708 1190 757 regnis
1220 709 1395 757 imperat,
1428 715 1466 746 et
1496 720 1576 746 non

568 773 818 823 Mancipium
847 774 923 811 vile
953 774 1126 822 corporis
1156 786 1241 811 esse
1270 774 1426 823 pudet?

566 840 676 878 Dum
705 839 815 878 viciis
845 839 992 886 sordes,
1025 839 1080 876 nil
1109 840 1269 889 prodest
1298 840 1446 889 fulgida
1475 840 1602 887 vestis,

564 904 777 955 Absterget
806 905 980 943 maculas
1010 917 1182 954 purpura
1211 905 1319 942 nulla
1348 911 1445 943 tuas.

567 970 794 1021 Expediens
823 970 939 1020 igitur
968 971 1078 1018 foret,
1110 977 1149 1008 vt
1179 971 1235 1008 sic
1264 969 1431 1020 quisque
1460 971 1584 1008 viator

567 1037 700 1086 Quam
730 1036 856 1074 leuius
886 1035 1029 1085 poterit
1058 1042 1291 1073 exoneratus
1321 1042 1393 1074 eat.

567 1102 729 1152 Singula
756 1101 808 1140 de
837 1101 953 1140 nobis
981 1101 1074 1139 anni
1104 1101 1319 1150 predantur
1348 1107 1498 1148 euntes,

567 1169 760 1217 Morsque
790 1167 1071 1217 superveniens
1101 1179 1288 1216 prospera
1317 1179 1475 1216 queque
1504 1166 1628 1215 rapit:

568 1234 807 1284 Regreditur
835 1233 934 1271 cinis
964 1233 1004 1270 in
1034 1233 1218 1280 cinerem,
1250 1232 1445 1270 resolucio
1474 1232 1602 1269 carnis

569 1301 768 1338 Monstrat
797 1299 978 1349 principii
1008 1298 1208 1336 materiale
1237 1298 1375 1335 lutum.

568 1365 650 1404 Scit
678 1365 776 1403 deus
806 1364 884 1402 hoc
912 1363 1045 1402 anime
1075 1363 1184 1413 quod
1213 1364 1281 1402 fiet
1310 1363 1350 1400 in
1380 1363 1476 1401 orbe
1505 1362 1647 1409 futuro,

572 1431 732 1480 Integra
761 1441 830 1467 seu
859 1429 952 1476 lesa,
984 1435 1132 1478 quanta
1162 1441 1240 1477 que
1270 1429 1395 1477 qualis
1427 1428 1523 1466 erit:

572 1496 654 1533 Ista
683 1494 812 1532 sciunt
842 1494 1034 1540 homines,
1067 1493 1219 1531 mundo
1249 1493 1359 1543 quod
1388 1505 1531 1542 corpus
1561 1492 1601 1529 in
1630 1492 1706 1530 isto

572 1560 640 1598 Nil
669 1558 744 1598 sibi
773 1558 989 1608 perdurans
1019 1558 1112 1595 vtile
1141 1558 1267 1595 carnis
1294 1557 1427 1596 habet.

571 1626 643 1664 Est
674 1637 766 1663 caro
795 1630 978 1673 corrupta
1007 1622 1156 1670 viuens,
1188 1624 1276 1672 plus
1305 1630 1462 1661 mortua
1491 1623 1645 1660 cunctis

571 1692 704 1740 Atque
733 1689 919 1727 creaturis
948 1688 1026 1727 vile
1055 1688 1225 1726 cadauer
1254 1688 1386 1726 habet.

627 1755 663 1795 O
694 1754 901 1804 speculum
930 1753 1091 1791 mortis!
1130 1760 1328 1802 quotquot
1358 1753 1613 1802 speculantur
1642 1752 1682 1789 in
1711 1752 1791 1798 illo,

572 1819 614 1859 Si
642 1820 746 1858 bene
775 1832 817 1858 se
845 1817 1016 1865 videant,
1047 1818 1169 1868 gloria
1199 1818 1306 1856 nulla
1336 1825 1470 1867 patet:

573 1886 754 1925 Aduerse
783 1885 918 1922 mortis
949 1885 1004 1922 sic
1034 1884 1133 1922 ordo
1162 1884 1408 1933 retrogradus
1439 1889 1554 1930 extat,

574 1951 697 2000 Quod
726 1951 861 1989 statuit
889 1950 1035 1988 caudas
1065 1949 1116 1986 ad
1145 1956 1264 1998 caput
1293 1961 1378 1988 esse
1407 1961 1530 1998 pares.

573 2018 611 2055 A
640 2028 773 2054 morsu
801 2015 925 2053 vetito
954 2026 1059 2052 mors
1091 2014 1259 2062 dicitur3
1300 2014 1434 2052 omnia
1463 2013 1651 2052 mordens

576 2081 762 2119 Nominis
793 2080 953 2129 exponit
983 2079 1201 2128 significata
1232 2080 1302 2117 sui.

576 2146 714 2185 Rebus
745 2146 785 2182 in
815 2145 973 2182 incertis
1003 2144 1100 2181 nihil
1129 2151 1188 2182 est
1217 2144 1410 2182 incercius
1441 2144 1537 2182 hora

577 2211 731 2257 Mortis,
763 2216 889 2247 morte
918 2209 1039 2245 nichil
1069 2209 1218 2246 cercius
1248 2221 1334 2247 esse
1362 2215 1505 2258 potest.

580 2277 689 2314 Dum
720 2274 850 2312 minus
880 2285 965 2311 esse
994 2280 1116 2322 putat,
1148 2273 1352 2311 hominem
1382 2285 1487 2311 mors
1517 2273 1624 2319 fallit,
1657 2279 1695 2311 et
1725 2273 1808 2322 ipse

579 2341 661 2390 Qui
690 2338 813 2389 magis
843 2346 902 2376 est
932 2350 1050 2376 sanus
1080 2338 1263 2376 clanculo
1291 2339 1392 2376 celat
1421 2350 1534 2377 eam:

580 2407 674 2444 Non
705 2405 776 2443 erit
804 2403 1036 2452 astrologus,
1065 2403 1244 2440 medicus
1274 2415 1354 2449 seu,
1386 2403 1437 2441 de
1466 2403 1665 2440 medicina

581 2470 661 2519 Qui
691 2469 968 2518 prolongatum
998 2468 1121 2517 possit
1151 2467 1296 2505 habere
1325 2468 1442 2505 diem.

583 2536 647 2573 Sic
677 2535 810 2581 homo,
843 2534 899 2571 sic
927 2532 1074 2571 animal
1103 2533 1246 2582 pariter
1274 2533 1505 2580 moriuntur,
1539 2539 1577 2571 et
1605 2532 1726 2570 ambo

583 2600 632 2637 In
661 2605 802 2637 terram
831 2598 998 2636 redeunt
1028 2597 1264 2635 condicione
1294 2598 1385 2646 pari.

584 2665 655 2701 Est
684 2664 805 2700 nichil
835 2669 1070 2712 exceptum:
1108 2662 1298 2712 quicquid
1327 2663 1369 2700 fit
1400 2663 1439 2699 in
1469 2662 1565 2700 orbe
1593 2669 1778 2709 creatum,

587 2729 696 2767 Sicut
724 2728 844 2766 habet
873 2728 1003 2775 vitam,
1035 2734 1189 2766 constat
1217 2727 1362 2765 hahere
1392 2740 1541 2766 necem.

639 2793 752 2832 Clam
783 2793 945 2831 veniens
974 2793 1156 2831 thalamis
1185 2804 1289 2830 mors
1319 2792 1470 2831 furtiuis
1500 2793 1604 2831 volat
1632 2791 1712 2839 alis,

769 2884 831 2914 931
857 2874 1000 2914 imparat
1017 2874 1044 2906 C
1176 2874 1237 2914 961
1265 2873 1301 2904 fit
1320 2872 1344 2904 S
1390 2874 1434 2905 sit
1450 2873 1645 2905 CEHGDL

1866 655 1934 688 930

1869 1313 1936 1344 940

1872 1963 1940 1995 950

1878 2602 1944 2644 960
