2095 3173
403 219 456 258 32
874 205 1002 247 VOX
1044 205 1403 247 CLAMANTIS

516 315 701 363 Dampna
731 313 860 352 serunt
889 313 1003 351 variis
1033 313 1141 350 milia
1169 312 1276 350 mille
1305 313 1446 364 modis.

515 380 608 418 Non
637 392 730 429 aper
759 379 823 417 ille
853 379 971 425 ferox,
1003 378 1174 427 agitabat
1203 390 1324 426 quern
1356 378 1556 427 Meleager

515 446 563 483 In
594 457 801 483 nemorum
834 442 1003 490 latebris,
1036 450 1116 480 tam
1147 443 1342 481 violentus
1371 450 1463 490 erat,

514 511 622 558 Quin
654 510 776 559 magis
807 509 845 546 in
877 509 1005 558 porcis
1036 509 1125 546 furit
1155 515 1193 547 et
1222 509 1438 547 violencius
1468 508 1550 546 istis

515 577 578 613 Ira
608 582 735 622 nocet,
768 587 846 624 que
875 575 955 612 suis
984 573 1171 613 dentibus
1199 587 1307 612 arma
1337 581 1456 623 parat.

514 642 581 678 Nil
611 641 790 679 sedimen
820 641 881 678 vel
910 653 1069 678 amurca
1098 641 1237 690 placet,
1270 640 1390 677 nichil
1419 646 1539 689 atque
1569 640 1775 689 segistrum

514 707 689 753 Confert,
721 712 761 743 vt
790 705 906 744 dictis
936 706 1014 743 sint
1042 706 1229 743 alimenta
1259 705 1373 753 feris;
1810 710 1876 751 360

516 773 609 809 Non
639 771 800 820 siliquas
829 771 927 809 silue
957 771 1163 819 quercinas
1192 777 1260 808 aut
1289 770 1363 808 sibi
1392 771 1556 819 glandes

515 838 709 886 Querunt‚
742 844 800 874 set
830 836 986 886 rapiunt
1016 849 1094 885 que
1124 837 1286 874 meliora
1315 836 1475 883 vident;

515 903 647 952 Spisse
677 903 731 940 nil
761 903 875 950 feces,
907 915 1010 951 aqua
1040 914 1114 940 nec
1143 902 1368 939 communis
1399 913 1537 939 eorum

515 968 665 1006 Sufficit
694 969 745 1006 ad
774 975 928 1017 potum,
958 975 1016 1006 set
1047 967 1152 1005 bona
1181 967 1271 1004 vina
1300 973 1448 1005 vorant.

516 1034 681 1071 Rustica
710 1040 859 1081 natura,
891 1034 986 1072 dum
1018 1034 1090 1071 fert
1119 1032 1319 1082 incognita
1349 1032 1449 1080 vina,

516 1100 700 1137 Mortuus
730 1106 769 1136 vt
799 1106 961 1137 truncus
991 1099 1180 1137 ebrietate
1210 1098 1335 1136 iacet:

515 1165 579 1202 Sic
607 1165 698 1214 gula
727 1177 937 1214 porcorum
967 1165 1100 1214 viguit,
1131 1164 1241 1213 quod
1271 1164 1310 1201 in
1341 1163 1436 1201 vrbe
1465 1164 1620 1213 quietos

515 1230 591 1266 Vix
622 1236 774 1279 poterat
804 1230 981 1279 proprios
1011 1230 1123 1268 diues
1153 1229 1299 1267 habere
1329 1228 1450 1267 cibos.

515 1295 699 1345 Amplius
729 1295 949 1344 hospicium
981 1308 1191 1344 porcorum
1222 1307 1303 1332 non
1333 1307 1398 1332 ara
1427 1295 1558 1343 fertur,

516 1361 708 1399 Sordidus
737 1368 804 1398 aut
833 1360 964 1409 puluis
994 1361 1118 1398 lectus
1147 1359 1357 1398 habendus
1387 1361 1466 1399 eis:
1814 1372 1880 1407 370

517 1428 649 1465 Immo
679 1439 750 1465 sua
779 1426 896 1464 sorde
925 1427 1125 1463 calcarunt
1154 1425 1259 1475 regia
1287 1432 1401 1472 tecta,

515 1493 635 1531 Vrbis
665 1499 704 1531 et
733 1493 773 1530 in
803 1492 938 1531 medio
968 1492 1162 1530 nobiliora
1192 1498 1343 1541 petunt.

519 1560 656 1608 Nuper
684 1558 882 1596 deformes
912 1558 1035 1595 modo
1064 1558 1401 1604 transformantur,
1433 1564 1471 1596 et
1501 1557 1587 1595 illos

519 1624 599 1672 Qui
629 1625 783 1661 fuerant
812 1623 919 1672 porci
949 1623 1074 1661 forma
1103 1622 1272 1672 superba
1301 1623 1417 1661 colit:

517 1690 572 1726 Vt
602 1689 665 1726 leo
694 1688 762 1737 qui
792 1688 892 1737 rugit
921 1688 1046 1726 fuerat
1074 1688 1280 1737 grunnitus
1311 1700 1459 1734 eorum,

518 1755 583 1792 Ad
613 1766 782 1803 quorum
813 1754 964 1791 sonitus
994 1753 1171 1791 concutit
1202 1753 1339 1791 Eccho
1370 1765 1520 1791 nemus.

519 1820 590 1857 Hii
621 1820 775 1857 fuerant
803 1819 923 1868 porci,
956 1819 1189 1857 maledictus
1219 1819 1376 1868 spiritus
1407 1819 1445 1855 in
1476 1830 1577 1868 quos

519 1885 695 1932 Intravit,
728 1884 829 1922 sicut
859 1884 983 1922 leccio
1013 1890 1148 1922 sancta
1176 1884 1302 1922 refert.

456 2039 534 2074 Hic
559 2040 660 2075 dicit
684 2050 730 2074 se
755 2049 829 2083 per
852 2039 1087 2083 sompnium
1114 2041 1310 2083 quartam
1334 2039 1452 2083 vulgi
1477 2040 1656 2074 turmam
1683 2038 1726 2073 in
1754 2048 1880 2074 canes

409 2098 568 2133 vidisse
594 2100 811 2133 mutatam.

331 2188 462 2237 Capm.
486 2201 521 2227 v.
608 2189 703 2225 Post
731 2187 892 2236 vidique
922 2199 1040 2225 canes
1070 2193 1217 2225 stantes
1247 2186 1359 2236 quasi
1389 2186 1510 2224 millia
1539 2186 1643 2225 dena

520 2255 738 2299 Latrantes,
771 2265 848 2302 que
877 2253 957 2290 suis
987 2251 1151 2290 vocibus
1179 2264 1273 2289 arua
1301 2258 1486 2290 tremunt.
1816 2260 1882 2299 380

520 2320 582 2356 En
612 2318 775 2357 dederat
804 2325 943 2356 cantus
972 2317 1071 2355 lucis
1099 2317 1339 2367 prenuncius
1368 2318 1460 2365 ales,

518 2383 622 2419 Aera
651 2381 728 2418 iarn
758 2381 905 2418 furiens
933 2379 1111 2418 verberat
1140 2380 1195 2417 ira
1224 2392 1378 2417 canum.

522 2447 631 2484 Mica
659 2453 718 2484 set
747 2458 770 2483 a
798 2457 936 2483 mensa
965 2445 1217 2483 dominorum
1249 2457 1328 2494 que
1356 2445 1461 2483 cadit
1491 2457 1581 2484 esca
2068 2464 2071 2498 !

521 2513 615 2550 Non
645 2511 717 2549 fuit
746 2510 821 2549 hiis
851 2510 1027 2557 canibus,
1058 2522 1148 2548 ossa
1177 2523 1251 2548 nec
1281 2511 1360 2547 ulla
1387 2511 1570 2559 placent;
2067 2499 2082 2583 i'

522 2577 719 2614 Faucibus
750 2577 873 2614 immo
903 2576 983 2614 suis
1013 2576 1174 2614 meliora
1203 2575 1349 2613 cibaria
1378 2582 1560 2625 poscunt,
2075 2557 2081 2684 1

521 2644 581 2680 Ac
610 2642 676 2680 vbi
706 2641 944 2691 perueniunt
973 2641 1125 2691 singula
1154 2653 1283 2679 crassa
1311 2647 1460 2679 vorant.

520 2707 699 2745 Gentiles
729 2713 861 2745 tamen
891 2718 984 2745 ecce
1013 2718 1130 2744 canes
1159 2705 1233 2744 hiis
1262 2706 1444 2744 associati

521 2772 615 2810 Non
646 2778 747 2819 sunt,
780 2778 838 2811 set
867 2772 963 2810 viles
993 2784 1093 2821 quos
1123 2771 1230 2809 scola
1259 2771 1366 2809 nulla
1395 2771 1538 2811 docet:

959 2879 1025 2909 379
1047 2867 1198 2910 vidique]
1217 2868 1285 2899 vidi
1302 2868 1333 2899 D
