<?xml version="1.0" encoding="UTF-8"?>
<!DOCTYPE html PUBLIC "-//W3C//DTD XHTML 1.0 Transitional//EN"
    "http://www.w3.org/TR/xhtml1/DTD/xhtml1-transitional.dtd">
<html xmlns="http://www.w3.org/1999/xhtml" xml:lang="en" lang="en">
 <head>
  <title>
</title>
<meta http-equiv="Content-Type" content="text/html;charset=utf-8" />
  <meta name='ocr-system' content='tesseract 3.04.00' />
  <meta name='ocr-capabilities' content='ocr_page ocr_carea ocr_par ocr_line ocrx_word'/>
</head>
<body>
  <div class='ocr_page' id='page_1' title='image "./completeworksofj04gowe_0262.png"; bbox 0 0 2095 3173; ppageno 0'>
   <div class='ocr_carea' id='block_1_1' title="bbox 394 240 471 289">
    <p class='ocr_par' dir='ltr' id='par_1_1' title="bbox 394 240 471 289">
     <span class='ocr_line' id='line_1_1' title="bbox 394 240 471 289; baseline 0 -12"><span class='ocrx_word' id='word_1_1' title='bbox 394 240 471 289; x_wconf 90' lang='lat'>164</span> 
     </span>
    </p>
   </div>
   <div class='ocr_carea' id='block_1_2' title="bbox 864 237 1391 279">
    <p class='ocr_par' dir='ltr' id='par_1_2' title="bbox 864 237 1391 279">
     <span class='ocr_line' id='line_1_2' title="bbox 864 237 1391 279; baseline 0 -2"><span class='ocrx_word' id='word_1_2' title='bbox 864 237 993 279; x_wconf 92' lang='lat' dir='ltr'>VOX</span> <span class='ocrx_word' id='word_1_3' title='bbox 1033 237 1391 279; x_wconf 88' lang='lat' dir='ltr'>CLAMANTIS</span> 
     </span>
    </p>
   </div>
   <div class='ocr_carea' id='block_1_3' title="bbox 488 343 1859 2875">
    <p class='ocr_par' dir='ltr' id='par_1_3' title="bbox 488 343 1859 2875">
     <span class='ocr_line' id='line_1_3' title="bbox 499 343 1438 395; baseline -0.003 -12"><span class='ocrx_word' id='word_1_4' title='bbox 499 343 648 383; x_wconf 89' lang='lat' dir='ltr'>Muniri</span> <span class='ocrx_word' id='word_1_5' title='bbox 678 344 805 395; x_wconf 89' lang='lat' dir='ltr'>primo</span> <span class='ocrx_word' id='word_1_6' title='bbox 835 358 926 382; x_wconf 87' lang='lat' dir='ltr'>curn</span> <span class='ocrx_word' id='word_1_7' title='bbox 956 351 994 382; x_wconf 91' lang='lat' dir='ltr'>te</span> <span class='ocrx_word' id='word_1_8' title='bbox 1023 343 1118 381; x_wconf 88' lang='lat' dir='ltr'>facis</span> <span class='ocrx_word' id='word_1_9' title='bbox 1147 343 1286 381; x_wconf 85' lang='lat' dir='ltr'>ordine</span> <span class='ocrx_word' id='word_1_10' title='bbox 1316 356 1438 389; x_wconf 87' lang='lat' dir='ltr'>sacro,</span> 
     </span>
     <span class='ocr_line' id='line_1_4' title="bbox 498 408 1859 461; baseline -0.003 -12"><span class='ocrx_word' id='word_1_11' title='bbox 498 411 602 450; x_wconf 89' lang='lat' dir='ltr'>Cum</span> <span class='ocrx_word' id='word_1_12' title='bbox 632 418 670 449; x_wconf 90' lang='lat' dir='ltr'>te</span> <span class='ocrx_word' id='word_1_13' title='bbox 699 409 899 461; x_wconf 80' lang='lat' dir='ltr'>principiis</span> <span class='ocrx_word' id='word_1_14' title='bbox 928 408 1184 459; x_wconf 87' lang='lat' dir='ltr'>presbiterare</span> <span class='ocrx_word' id='word_1_15' title='bbox 1213 408 1333 456; x_wconf 91' lang='lat' dir='ltr'>venis,</span> <span class='ocrx_word' id='word_1_16' title='bbox 1774 423 1859 457; x_wconf 90' lang='lat'>2090</span> 
     </span>
     <span class='ocr_line' id='line_1_5' title="bbox 497 474 1520 527; baseline -0.005 -11"><span class='ocrx_word' id='word_1_17' title='bbox 497 477 534 516; x_wconf 92' lang='lat' dir='ltr'>O</span> <span class='ocrx_word' id='word_1_18' title='bbox 564 490 642 527; x_wconf 88' lang='lat' dir='ltr'>que</span> <span class='ocrx_word' id='word_1_19' title='bbox 671 483 804 514; x_wconf 91' lang='lat' dir='ltr'>mente</span> <span class='ocrx_word' id='word_1_20' title='bbox 832 483 900 513; x_wconf 90' lang='lat' dir='ltr'>tua</span> <span class='ocrx_word' id='word_1_21' title='bbox 928 474 1042 514; x_wconf 86' lang='lat' dir='ltr'>fuerit</span> <span class='ocrx_word' id='word_1_22' title='bbox 1071 482 1165 513; x_wconf 89' lang='lat' dir='ltr'>tunc</span> <span class='ocrx_word' id='word_1_23' title='bbox 1195 474 1326 513; x_wconf 90' lang='lat' dir='ltr'>mocio</span> <span class='ocrx_word' id='word_1_24' title='bbox 1355 487 1520 519; x_wconf 88' lang='lat' dir='ltr'>summa,</span> 
     </span>
     <span class='ocr_line' id='line_1_6' title="bbox 497 539 1408 592; baseline -0.002 -12"><span class='ocrx_word' id='word_1_25' title='bbox 497 543 592 580; x_wconf 92' lang='lat' dir='ltr'>Hoc</span> <span class='ocrx_word' id='word_1_26' title='bbox 620 543 682 580; x_wconf 90' lang='lat' dir='ltr'>vel</span> <span class='ocrx_word' id='word_1_27' title='bbox 711 555 782 592; x_wconf 92' lang='lat' dir='ltr'>pro</span> <span class='ocrx_word' id='word_1_28' title='bbox 813 541 952 580; x_wconf 89' lang='lat' dir='ltr'>mundi</span> <span class='ocrx_word' id='word_1_29' title='bbox 982 540 1030 579; x_wconf 90' lang='lat' dir='ltr'>sit</span> <span class='ocrx_word' id='word_1_30' title='bbox 1059 542 1120 579; x_wconf 91' lang='lat' dir='ltr'>vel</span> <span class='ocrx_word' id='word_1_31' title='bbox 1149 554 1283 579; x_wconf 89' lang='lat' dir='ltr'>amore</span> <span class='ocrx_word' id='word_1_32' title='bbox 1313 539 1408 578; x_wconf 91' lang='lat' dir='ltr'>dei?</span> 
     </span>
     <span class='ocr_line' id='line_1_7' title="bbox 496 605 1527 656; baseline -0.002 -11"><span class='ocrx_word' id='word_1_33' title='bbox 496 609 577 645; x_wconf 89' lang='lat' dir='ltr'>Aut</span> <span class='ocrx_word' id='word_1_34' title='bbox 605 614 647 645; x_wconf 88' lang='lat' dir='ltr'>tu</span> <span class='ocrx_word' id='word_1_35' title='bbox 677 614 783 645; x_wconf 88' lang='lat' dir='ltr'>certa</span> <span class='ocrx_word' id='word_1_36' title='bbox 812 614 878 645; x_wconf 90' lang='lat' dir='ltr'>tue</span> <span class='ocrx_word' id='word_1_37' title='bbox 907 606 1029 645; x_wconf 88' lang='lat' dir='ltr'>michi</span> <span class='ocrx_word' id='word_1_38' title='bbox 1062 606 1126 645; x_wconf 89' lang='lat' dir='ltr'>dic</span> <span class='ocrx_word' id='word_1_39' title='bbox 1155 605 1370 656; x_wconf 86' lang='lat' dir='ltr'>primordia</span> <span class='ocrx_word' id='word_1_40' title='bbox 1399 618 1527 651; x_wconf 89' lang='lat' dir='ltr'>cause,</span> 
     </span>
     <span class='ocr_line' id='line_1_8' title="bbox 496 671 1332 722; baseline -0.002 -12"><span class='ocrx_word' id='word_1_41' title='bbox 496 673 578 710; x_wconf 90' lang='lat' dir='ltr'>Aut</span> <span class='ocrx_word' id='word_1_42' title='bbox 606 671 678 710; x_wconf 89' lang='lat' dir='ltr'>tibi</span> <span class='ocrx_word' id='word_1_43' title='bbox 708 685 785 722; x_wconf 86' lang='lat' dir='ltr'>que</span> <span class='ocrx_word' id='word_1_44' title='bbox 814 671 924 722; x_wconf 92' lang='lat' dir='ltr'>sapio</span> <span class='ocrx_word' id='word_1_45' title='bbox 953 671 1084 710; x_wconf 83' lang='lat' dir='ltr'>dicere</span> <span class='ocrx_word' id='word_1_46' title='bbox 1113 685 1202 709; x_wconf 87' lang='lat' dir='ltr'>vera</span> <span class='ocrx_word' id='word_1_47' title='bbox 1230 672 1332 709; x_wconf 87' lang='lat' dir='ltr'>volo.</span> 
     </span>
     <span class='ocr_line' id='line_1_9' title="bbox 552 735 1665 787; baseline -0.001 -12"><span class='ocrx_word' id='word_1_48' title='bbox 552 737 674 776; x_wconf 91' lang='lat' dir='ltr'>‘Sunt</span> <span class='ocrx_word' id='word_1_49' title='bbox 703 739 832 787; x_wconf 90' lang='lat' dir='ltr'>plures</span> <span class='ocrx_word' id='word_1_50' title='bbox 861 750 990 784; x_wconf 86' lang='lat' dir='ltr'>cause,</span> <span class='ocrx_word' id='word_1_51' title='bbox 1022 750 1090 787; x_wconf 90' lang='lat' dir='ltr'>per</span> <span class='ocrx_word' id='word_1_52' title='bbox 1120 750 1217 786; x_wconf 86' lang='lat' dir='ltr'>quas</span> <span class='ocrx_word' id='word_1_53' title='bbox 1247 735 1470 774; x_wconf 89' lang='lat' dir='ltr'>communis</span> <span class='ocrx_word' id='word_1_54' title='bbox 1500 735 1540 774; x_wconf 93' lang='lat' dir='ltr'>in</span> <span class='ocrx_word' id='word_1_55' title='bbox 1569 736 1665 775; x_wconf 88' lang='lat' dir='ltr'>orbe</span> 
     </span>
     <span class='ocr_line' id='line_1_10' title="bbox 496 802 1427 841; baseline -0.001 -1"><span class='ocrx_word' id='word_1_56' title='bbox 496 803 568 840; x_wconf 91' lang='lat' dir='ltr'>Est</span> <span class='ocrx_word' id='word_1_57' title='bbox 596 815 706 841; x_wconf 86' lang='lat' dir='ltr'>sacer</span> <span class='ocrx_word' id='word_1_58' title='bbox 733 802 798 841; x_wconf 93' lang='lat' dir='ltr'>hic</span> <span class='ocrx_word' id='word_1_59' title='bbox 826 803 925 841; x_wconf 91' lang='lat' dir='ltr'>ordo</span> <span class='ocrx_word' id='word_1_60' title='bbox 953 816 1065 840; x_wconf 87' lang='lat' dir='ltr'>carus</span> <span class='ocrx_word' id='word_1_61' title='bbox 1095 809 1134 840; x_wconf 90' lang='lat' dir='ltr'>vt</span> <span class='ocrx_word' id='word_1_62' title='bbox 1158 815 1251 840; x_wconf 88' lang='lat' dir='ltr'>ecce</span> <span class='ocrx_word' id='word_1_63' title='bbox 1281 802 1427 840; x_wconf 89' lang='lat' dir='ltr'>modo:</span> 
     </span>
     <span class='ocr_line' id='line_1_11' title="bbox 496 867 1394 918; baseline -0.001 -13"><span class='ocrx_word' id='word_1_64' title='bbox 496 868 546 905; x_wconf 90' lang='lat' dir='ltr'>In</span> <span class='ocrx_word' id='word_1_65' title='bbox 574 867 701 917; x_wconf 89' lang='lat' dir='ltr'>prima</span> <span class='ocrx_word' id='word_1_66' title='bbox 729 880 848 905; x_wconf 88' lang='lat' dir='ltr'>causa</span> <span class='ocrx_word' id='word_1_67' title='bbox 875 867 982 918; x_wconf 88' lang='lat' dir='ltr'>fugio</span> <span class='ocrx_word' id='word_1_68' title='bbox 1011 868 1214 905; x_wconf 90' lang='lat' dir='ltr'>mundana</span> <span class='ocrx_word' id='word_1_69' title='bbox 1242 868 1394 917; x_wconf 83' lang='lat' dir='ltr'>flagella</span> 
     </span>
     <span class='ocr_line' id='line_1_12' title="bbox 494 931 1387 983; baseline -0.001 -12"><span class='ocrx_word' id='word_1_70' title='bbox 494 931 611 983; x_wconf 82' lang='lat' dir='ltr'>Legis</span> <span class='ocrx_word' id='word_1_71' title='bbox 640 932 876 980; x_wconf 90' lang='lat' dir='ltr'>communis,</span> <span class='ocrx_word' id='word_1_72' title='bbox 907 946 985 983; x_wconf 90' lang='lat' dir='ltr'>que</span> <span class='ocrx_word' id='word_1_73' title='bbox 1014 933 1082 971; x_wconf 88' lang='lat' dir='ltr'>dat</span> <span class='ocrx_word' id='word_1_74' title='bbox 1110 945 1243 970; x_wconf 90' lang='lat' dir='ltr'>amara</span> <span class='ocrx_word' id='word_1_75' title='bbox 1270 931 1387 970; x_wconf 86' lang='lat' dir='ltr'>viris:</span> 
     </span>
     <span class='ocr_line' id='line_1_13' title="bbox 492 997 1412 1048; baseline 0 -13"><span class='ocrx_word' id='word_1_76' title='bbox 492 997 666 1036; x_wconf 90' lang='lat' dir='ltr'>Vlterius</span> <span class='ocrx_word' id='word_1_77' title='bbox 695 997 813 1037; x_wconf 91' lang='lat' dir='ltr'>video</span> <span class='ocrx_word' id='word_1_78' title='bbox 841 998 952 1048; x_wconf 89' lang='lat' dir='ltr'>quod</span> <span class='ocrx_word' id='word_1_79' title='bbox 980 1011 1062 1036; x_wconf 92' lang='lat' dir='ltr'>non</span> <span class='ocrx_word' id='word_1_80' title='bbox 1092 999 1235 1037; x_wconf 88' lang='lat' dir='ltr'>sudore</span> <span class='ocrx_word' id='word_1_81' title='bbox 1264 997 1412 1044; x_wconf 91' lang='lat' dir='ltr'>laboro,</span> 
     </span>
     <span class='ocr_line' id='line_1_14' title="bbox 493 1062 1856 1114; baseline -0.002 -12"><span class='ocrx_word' id='word_1_82' title='bbox 493 1062 594 1102; x_wconf 86' lang='lat' dir='ltr'>Ocia</span> <span class='ocrx_word' id='word_1_83' title='bbox 623 1076 701 1113; x_wconf 90' lang='lat' dir='ltr'>que</span> <span class='ocrx_word' id='word_1_84' title='bbox 730 1076 853 1114; x_wconf 89' lang='lat' dir='ltr'>quero</span> <span class='ocrx_word' id='word_1_85' title='bbox 881 1062 937 1102; x_wconf 92' lang='lat' dir='ltr'>sic</span> <span class='ocrx_word' id='word_1_86' title='bbox 966 1070 1005 1102; x_wconf 92' lang='lat' dir='ltr'>et</span> <span class='ocrx_word' id='word_1_87' title='bbox 1033 1063 1179 1102; x_wconf 86' lang='lat' dir='ltr'>habere</span> <span class='ocrx_word' id='word_1_88' title='bbox 1208 1076 1336 1113; x_wconf 89' lang='lat' dir='ltr'>queo:</span> <span class='ocrx_word' id='word_1_89' title='bbox 1770 1077 1856 1100; x_wconf 86' lang='lat'>2100</span> 
     </span>
     <span class='ocr_line' id='line_1_15' title="bbox 493 1126 1676 1178; baseline 0 -12"><span class='ocrx_word' id='word_1_90' title='bbox 493 1128 661 1168; x_wconf 81' lang='lat' dir='ltr'>Tereia</span> <span class='ocrx_word' id='word_1_91' title='bbox 690 1142 809 1167; x_wconf 90' lang='lat' dir='ltr'>causa</span> <span class='ocrx_word' id='word_1_92' title='bbox 838 1142 972 1167; x_wconf 87' lang='lat' dir='ltr'>meum</span> <span class='ocrx_word' id='word_1_93' title='bbox 1001 1129 1069 1167; x_wconf 88' lang='lat' dir='ltr'>dat</span> <span class='ocrx_word' id='word_1_94' title='bbox 1098 1128 1283 1167; x_wconf 88' lang='lat' dir='ltr'>vestitum</span> <span class='ocrx_word' id='word_1_95' title='bbox 1313 1141 1474 1178; x_wconf 86' lang='lat' dir='ltr'>quoque</span> <span class='ocrx_word' id='word_1_96' title='bbox 1502 1126 1676 1174; x_wconf 71' lang='lat' dir='ltr'>victum,</span> 
     </span>
     <span class='ocr_line' id='line_1_16' title="bbox 493 1193 1393 1245; baseline -0.001 -12"><span class='ocrx_word' id='word_1_97' title='bbox 493 1193 638 1244; x_wconf 90' lang='lat' dir='ltr'>Sicque</span> <span class='ocrx_word' id='word_1_98' title='bbox 667 1207 758 1233; x_wconf 90' lang='lat' dir='ltr'>meo</span> <span class='ocrx_word' id='word_1_99' title='bbox 786 1193 932 1245; x_wconf 84' lang='lat' dir='ltr'>placito</span> <span class='ocrx_word' id='word_1_100' title='bbox 962 1201 1093 1245; x_wconf 86' lang='lat' dir='ltr'>persto</span> <span class='ocrx_word' id='word_1_101' title='bbox 1123 1194 1278 1244; x_wconf 86' lang='lat' dir='ltr'>quietus</span> <span class='ocrx_word' id='word_1_102' title='bbox 1309 1206 1393 1244; x_wconf 87' lang='lat' dir='ltr'>eg0.</span> 
     </span>
     <span class='ocr_line' id='line_1_17' title="bbox 493 1259 1392 1306; baseline 0 -9"><span class='ocrx_word' id='word_1_103' title='bbox 493 1261 553 1298; x_wconf 84' lang='lat' dir='ltr'>Ex</span> <span class='ocrx_word' id='word_1_104' title='bbox 583 1259 657 1299; x_wconf 88' lang='lat' dir='ltr'>hiis</span> <span class='ocrx_word' id='word_1_105' title='bbox 687 1267 846 1299; x_wconf 90' lang='lat' dir='ltr'>causata</span> <span class='ocrx_word' id='word_1_106' title='bbox 876 1273 964 1299; x_wconf 88' lang='lat' dir='ltr'>mea</span> <span class='ocrx_word' id='word_1_107' title='bbox 993 1267 1069 1298; x_wconf 89' lang='lat' dir='ltr'>stat</span> <span class='ocrx_word' id='word_1_108' title='bbox 1098 1259 1269 1298; x_wconf 88' lang='lat' dir='ltr'>deuocio</span> <span class='ocrx_word' id='word_1_109' title='bbox 1298 1267 1392 1306; x_wconf 88' lang='lat' dir='ltr'>tota,</span> 
     </span>
     <span class='ocr_line' id='line_1_18' title="bbox 493 1324 1355 1376; baseline -0.001 -13"><span class='ocrx_word' id='word_1_110' title='bbox 493 1325 584 1373; x_wconf 87' lang='lat' dir='ltr'>Qua</span> <span class='ocrx_word' id='word_1_111' title='bbox 612 1325 756 1376; x_wconf 88' lang='lat' dir='ltr'>poterit</span> <span class='ocrx_word' id='word_1_112' title='bbox 784 1325 892 1364; x_wconf 91' lang='lat' dir='ltr'>cerni</span> <span class='ocrx_word' id='word_1_113' title='bbox 920 1339 1006 1364; x_wconf 87' lang='lat' dir='ltr'>rasa</span> <span class='ocrx_word' id='word_1_114' title='bbox 1034 1338 1181 1364; x_wconf 91' lang='lat' dir='ltr'>corona</span> <span class='ocrx_word' id='word_1_115' title='bbox 1210 1324 1355 1363; x_wconf 87' lang='lat' dir='ltr'>michi:</span> 
     </span>
     <span class='ocr_line' id='line_1_19' title="bbox 492 1390 1423 1438; baseline 0 -9"><span class='ocrx_word' id='word_1_116' title='bbox 492 1391 584 1429; x_wconf 89' lang='lat' dir='ltr'>Hec</span> <span class='ocrx_word' id='word_1_117' title='bbox 613 1398 672 1429; x_wconf 90' lang='lat' dir='ltr'>est</span> <span class='ocrx_word' id='word_1_118' title='bbox 700 1404 819 1429; x_wconf 88' lang='lat' dir='ltr'>causa</span> <span class='ocrx_word' id='word_1_119' title='bbox 847 1392 964 1438; x_wconf 88' lang='lat' dir='ltr'>scole,</span> <span class='ocrx_word' id='word_1_120' title='bbox 995 1390 1126 1429; x_wconf 89' lang='lat' dir='ltr'>ciuilia</span> <span class='ocrx_word' id='word_1_121' title='bbox 1153 1390 1237 1428; x_wconf 90' lang='lat' dir='ltr'>iura</span> <span class='ocrx_word' id='word_1_122' title='bbox 1265 1391 1423 1429; x_wconf 89' lang='lat' dir='ltr'>studere</span> 
     </span>
     <span class='ocr_line' id='line_1_20' title="bbox 492 1455 1482 1506; baseline 0 -13"><span class='ocrx_word' id='word_1_123' title='bbox 492 1456 583 1504; x_wconf 87' lang='lat' dir='ltr'>Que</span> <span class='ocrx_word' id='word_1_124' title='bbox 611 1455 714 1503; x_wconf 89' lang='lat' dir='ltr'>facit,</span> <span class='ocrx_word' id='word_1_125' title='bbox 746 1463 784 1494; x_wconf 92' lang='lat' dir='ltr'>et</span> <span class='ocrx_word' id='word_1_126' title='bbox 812 1455 981 1506; x_wconf 82' lang='lat' dir='ltr'>logicam</span> <span class='ocrx_word' id='word_1_127' title='bbox 1011 1470 1074 1494; x_wconf 90' lang='lat' dir='ltr'>me</span> <span class='ocrx_word' id='word_1_128' title='bbox 1103 1457 1221 1495; x_wconf 90' lang='lat' dir='ltr'>docet</span> <span class='ocrx_word' id='word_1_129' title='bbox 1249 1463 1331 1494; x_wconf 87' lang='lat' dir='ltr'>arte</span> <span class='ocrx_word' id='word_1_130' title='bbox 1360 1469 1482 1494; x_wconf 90' lang='lat' dir='ltr'>suam.</span> 
     </span>
     <span class='ocr_line' id='line_1_21' title="bbox 493 1521 1735 1571; baseline 0 -13"><span class='ocrx_word' id='word_1_131' title='bbox 493 1521 587 1570; x_wconf 89' lang='lat' dir='ltr'>Ipsa</span> <span class='ocrx_word' id='word_1_132' title='bbox 615 1522 802 1571; x_wconf 88' lang='lat' dir='ltr'>scoleque</span> <span class='ocrx_word' id='word_1_133' title='bbox 829 1522 972 1571; x_wconf 90' lang='lat' dir='ltr'>gradus</span> <span class='ocrx_word' id='word_1_134' title='bbox 1002 1521 1123 1559; x_wconf 85' lang='lat' dir='ltr'>michi</span> <span class='ocrx_word' id='word_1_135' title='bbox 1152 1522 1221 1560; x_wconf 90' lang='lat' dir='ltr'>dat</span> <span class='ocrx_word' id='word_1_136' title='bbox 1249 1522 1518 1559; x_wconf 87' lang='lat' dir='ltr'>conscendere</span> <span class='ocrx_word' id='word_1_137' title='bbox 1548 1533 1735 1566; x_wconf 91' lang='lat' dir='ltr'>summos,</span> 
     </span>
     <span class='ocr_line' id='line_1_22' title="bbox 491 1585 1501 1636; baseline 0 -12"><span class='ocrx_word' id='word_1_138' title='bbox 491 1585 555 1624; x_wconf 89' lang='lat' dir='ltr'>Sic</span> <span class='ocrx_word' id='word_1_139' title='bbox 584 1593 623 1624; x_wconf 87' lang='lat' dir='ltr'>et</span> <span class='ocrx_word' id='word_1_140' title='bbox 650 1585 691 1624; x_wconf 90' lang='lat' dir='ltr'>in</span> <span class='ocrx_word' id='word_1_141' title='bbox 720 1585 927 1624; x_wconf 88' lang='lat' dir='ltr'>ecclesiam</span> <span class='ocrx_word' id='word_1_142' title='bbox 956 1587 1146 1624; x_wconf 83' lang='lat' dir='ltr'>scandere</span> <span class='ocrx_word' id='word_1_143' title='bbox 1174 1599 1297 1636; x_wconf 87' lang='lat' dir='ltr'>quero</span> <span class='ocrx_word' id='word_1_144' title='bbox 1326 1586 1501 1624; x_wconf 84' lang='lat' dir='ltr'>bonam:</span> 
     </span>
     <span class='ocr_line' id='line_1_23' title="bbox 492 1650 1618 1702; baseline 0.002 -14"><span class='ocrx_word' id='word_1_145' title='bbox 492 1651 597 1688; x_wconf 90' lang='lat' dir='ltr'>Nam</span> <span class='ocrx_word' id='word_1_146' title='bbox 627 1650 659 1689; x_wconf 91' lang='lat' dir='ltr'>si</span> <span class='ocrx_word' id='word_1_147' title='bbox 687 1652 792 1689; x_wconf 91' lang='lat' dir='ltr'>fama</span> <span class='ocrx_word' id='word_1_148' title='bbox 819 1651 933 1701; x_wconf 87' lang='lat' dir='ltr'>viget,</span> <span class='ocrx_word' id='word_1_149' title='bbox 965 1658 1062 1702; x_wconf 89' lang='lat' dir='ltr'>puto</span> <span class='ocrx_word' id='word_1_150' title='bbox 1092 1653 1201 1701; x_wconf 90' lang='lat' dir='ltr'>quod</span> <span class='ocrx_word' id='word_1_151' title='bbox 1230 1652 1434 1702; x_wconf 84' lang='lat' dir='ltr'>prebenda</span> <span class='ocrx_word' id='word_1_152' title='bbox 1463 1651 1618 1702; x_wconf 88' lang='lat' dir='ltr'>vigebit,</span> 
     </span>
     <span class='ocr_line' id='line_1_24' title="bbox 489 1715 1851 1767; baseline -0.001 -13"><span class='ocrx_word' id='word_1_153' title='bbox 489 1715 634 1766; x_wconf 89' lang='lat' dir='ltr'>Sicque</span> <span class='ocrx_word' id='word_1_154' title='bbox 662 1729 800 1755; x_wconf 89' lang='lat' dir='ltr'>vacare</span> <span class='ocrx_word' id='word_1_155' title='bbox 829 1716 937 1755; x_wconf 89' lang='lat' dir='ltr'>libris</span> <span class='ocrx_word' id='word_1_156' title='bbox 966 1724 1025 1755; x_wconf 90' lang='lat' dir='ltr'>est</span> <span class='ocrx_word' id='word_1_157' title='bbox 1053 1717 1164 1755; x_wconf 89' lang='lat' dir='ltr'>labor</span> <span class='ocrx_word' id='word_1_158' title='bbox 1193 1716 1277 1767; x_wconf 91' lang='lat' dir='ltr'>ipse</span> <span class='ocrx_word' id='word_1_159' title='bbox 1306 1716 1415 1755; x_wconf 89' lang='lat' dir='ltr'>leuis.</span> <span class='ocrx_word' id='word_1_160' title='bbox 1766 1732 1851 1755; x_wconf 81' lang='lat'>2110</span> 
     </span>
     <span class='ocr_line' id='line_1_25' title="bbox 490 1780 1561 1831; baseline 0 -12"><span class='ocrx_word' id='word_1_161' title='bbox 490 1780 556 1819; x_wconf 90' lang='lat' dir='ltr'>Sic</span> <span class='ocrx_word' id='word_1_162' title='bbox 585 1794 694 1820; x_wconf 88' lang='lat' dir='ltr'>sacer</span> <span class='ocrx_word' id='word_1_163' title='bbox 722 1782 822 1821; x_wconf 90' lang='lat' dir='ltr'>ordo</span> <span class='ocrx_word' id='word_1_164' title='bbox 851 1781 973 1820; x_wconf 91' lang='lat' dir='ltr'>michi</span> <span class='ocrx_word' id='word_1_165' title='bbox 1000 1783 1141 1831; x_wconf 90' lang='lat' dir='ltr'>placet,</span> <span class='ocrx_word' id='word_1_166' title='bbox 1173 1790 1211 1820; x_wconf 89' lang='lat' dir='ltr'>et</span> <span class='ocrx_word' id='word_1_167' title='bbox 1240 1782 1296 1820; x_wconf 90' lang='lat' dir='ltr'>sic</span> <span class='ocrx_word' id='word_1_168' title='bbox 1325 1782 1436 1820; x_wconf 91' lang='lat' dir='ltr'>litera</span> <span class='ocrx_word' id='word_1_169' title='bbox 1469 1782 1561 1821; x_wconf 89' lang='lat' dir='ltr'>cleri</span> 
     </span>
     <span class='ocr_line' id='line_1_26' title="bbox 490 1846 1415 1897; baseline 0 -12"><span class='ocrx_word' id='word_1_170' title='bbox 490 1847 666 1894; x_wconf 89' lang='lat' dir='ltr'>Confert,</span> <span class='ocrx_word' id='word_1_171' title='bbox 697 1847 795 1885; x_wconf 90' lang='lat' dir='ltr'>dum</span> <span class='ocrx_word' id='word_1_172' title='bbox 824 1846 957 1885; x_wconf 89' lang='lat' dir='ltr'>studio</span> <span class='ocrx_word' id='word_1_173' title='bbox 986 1846 1147 1897; x_wconf 85' lang='lat' dir='ltr'>pinguia</span> <span class='ocrx_word' id='word_1_174' title='bbox 1175 1848 1283 1885; x_wconf 89' lang='lat' dir='ltr'>lucra</span> <span class='ocrx_word' id='word_1_175' title='bbox 1311 1860 1415 1897; x_wconf 88' lang='lat' dir='ltr'>gero.</span> 
     </span>
     <span class='ocr_line' id='line_1_27' title="bbox 490 1912 1566 1962; baseline 0 -12"><span class='ocrx_word' id='word_1_176' title='bbox 490 1913 611 1951; x_wconf 88' lang='lat' dir='ltr'>Nunc</span> <span class='ocrx_word' id='word_1_177' title='bbox 640 1926 778 1951; x_wconf 86' lang='lat' dir='ltr'>causas</span> <span class='ocrx_word' id='word_1_178' title='bbox 808 1912 898 1960; x_wconf 88' lang='lat' dir='ltr'>dixi,</span> <span class='ocrx_word' id='word_1_179' title='bbox 930 1920 1085 1951; x_wconf 91' lang='lat' dir='ltr'>constat</span> <span class='ocrx_word' id='word_1_180' title='bbox 1115 1912 1259 1962; x_wconf 86' lang='lat' dir='ltr'>quibus</span> <span class='ocrx_word' id='word_1_181' title='bbox 1289 1914 1388 1952; x_wconf 89' lang='lat' dir='ltr'>ordo</span> <span class='ocrx_word' id='word_1_182' title='bbox 1417 1913 1566 1959; x_wconf 80' lang='lat' dir='ltr'>scolari,</span> 
     </span>
     <span class='ocr_line' id='line_1_28' title="bbox 490 1977 1455 2028; baseline 0 -12"><span class='ocrx_word' id='word_1_183' title='bbox 490 1977 555 2016; x_wconf 91' lang='lat' dir='ltr'>Sic</span> <span class='ocrx_word' id='word_1_184' title='bbox 583 1985 743 2028; x_wconf 91' lang='lat' dir='ltr'>propter</span> <span class='ocrx_word' id='word_1_185' title='bbox 772 1979 968 2016; x_wconf 90' lang='lat' dir='ltr'>mundum</span> <span class='ocrx_word' id='word_1_186' title='bbox 998 1991 1061 2016; x_wconf 89' lang='lat' dir='ltr'>me</span> <span class='ocrx_word' id='word_1_187' title='bbox 1091 1991 1177 2016; x_wconf 90' lang='lat' dir='ltr'>reor</span> <span class='ocrx_word' id='word_1_188' title='bbox 1205 1991 1290 2016; x_wconf 91' lang='lat' dir='ltr'>esse</span> <span class='ocrx_word' id='word_1_189' title='bbox 1320 1991 1430 2017; x_wconf 89' lang='lat' dir='ltr'>reum</span> <span class='ocrx_word' id='word_1_190' title='bbox 1445 1993 1455 2026; x_wconf 85' lang='lat'>‚-</span> 
     </span>
     <span class='ocr_line' id='line_1_29' title="bbox 489 2042 1630 2093; baseline 0 -12"><span class='ocrx_word' id='word_1_191' title='bbox 489 2044 597 2081; x_wconf 90' lang='lat' dir='ltr'>Nam</span> <span class='ocrx_word' id='word_1_192' title='bbox 626 2042 747 2081; x_wconf 91' lang='lat' dir='ltr'>michi</span> <span class='ocrx_word' id='word_1_193' title='bbox 775 2042 831 2080; x_wconf 89' lang='lat' dir='ltr'>nil</span> <span class='ocrx_word' id='word_1_194' title='bbox 860 2042 1012 2090; x_wconf 87' lang='lat' dir='ltr'>melius,</span> <span class='ocrx_word' id='word_1_195' title='bbox 1044 2044 1141 2082; x_wconf 91' lang='lat' dir='ltr'>dum</span> <span class='ocrx_word' id='word_1_196' title='bbox 1171 2042 1313 2081; x_wconf 88' lang='lat' dir='ltr'>sufficit</span> <span class='ocrx_word' id='word_1_197' title='bbox 1342 2042 1427 2093; x_wconf 88' lang='lat' dir='ltr'>ipsa</span> <span class='ocrx_word' id='word_1_198' title='bbox 1455 2044 1630 2091; x_wconf 83' lang='lat' dir='ltr'>facultas,</span> 
     </span>
     <span class='ocr_line' id='line_1_30' title="bbox 490 2107 1453 2158; baseline 0 -12"><span class='ocrx_word' id='word_1_199' title='bbox 490 2107 657 2155; x_wconf 88' lang='lat' dir='ltr'>Estimo,</span> <span class='ocrx_word' id='word_1_200' title='bbox 689 2121 809 2157; x_wconf 89' lang='lat' dir='ltr'>quam</span> <span class='ocrx_word' id='word_1_201' title='bbox 839 2107 979 2146; x_wconf 90' lang='lat' dir='ltr'>mundi</span> <span class='ocrx_word' id='word_1_202' title='bbox 1007 2107 1150 2158; x_wconf 89' lang='lat' dir='ltr'>gaudia</span> <span class='ocrx_word' id='word_1_203' title='bbox 1179 2109 1277 2147; x_wconf 88' lang='lat' dir='ltr'>ferre</span> <span class='ocrx_word' id='word_1_204' title='bbox 1307 2107 1453 2146; x_wconf 89' lang='lat' dir='ltr'>michi.&#39;</span> 
     </span>
     <span class='ocr_line' id='line_1_31' title="bbox 546 2172 1663 2221; baseline 0.001 -11"><span class='ocrx_word' id='word_1_205' title='bbox 546 2174 617 2211; x_wconf 90' lang='lat' dir='ltr'>Est</span> <span class='ocrx_word' id='word_1_206' title='bbox 646 2180 704 2210; x_wconf 91' lang='lat' dir='ltr'>set</span> <span class='ocrx_word' id='word_1_207' title='bbox 733 2173 864 2210; x_wconf 91' lang='lat' dir='ltr'>adhuc</span> <span class='ocrx_word' id='word_1_208' title='bbox 893 2185 1012 2210; x_wconf 90' lang='lat' dir='ltr'>causa</span> <span class='ocrx_word' id='word_1_209' title='bbox 1040 2172 1178 2211; x_wconf 89' lang='lat' dir='ltr'>melior</span> <span class='ocrx_word' id='word_1_210' title='bbox 1207 2180 1340 2211; x_wconf 88' lang='lat' dir='ltr'>tamen</span> <span class='ocrx_word' id='word_1_211' title='bbox 1369 2173 1567 2221; x_wconf 89' lang='lat' dir='ltr'>omnibus,</span> <span class='ocrx_word' id='word_1_212' title='bbox 1599 2173 1663 2211; x_wconf 83' lang='lat' dir='ltr'>illa</span> 
     </span>
     <span class='ocr_line' id='line_1_32' title="bbox 490 2236 1522 2287; baseline 0 -11"><span class='ocrx_word' id='word_1_213' title='bbox 490 2238 582 2286; x_wconf 83' lang='lat' dir='ltr'>Qua</span> <span class='ocrx_word' id='word_1_214' title='bbox 610 2239 718 2276; x_wconf 90' lang='lat' dir='ltr'>scola</span> <span class='ocrx_word' id='word_1_215' title='bbox 745 2236 983 2287; x_wconf 91' lang='lat' dir='ltr'>discipulum</span> <span class='ocrx_word' id='word_1_216' title='bbox 1011 2239 1157 2287; x_wconf 88' lang='lat' dir='ltr'>gaudet</span> <span class='ocrx_word' id='word_1_217' title='bbox 1185 2238 1330 2276; x_wconf 88' lang='lat' dir='ltr'>habere</span> <span class='ocrx_word' id='word_1_218' title='bbox 1360 2238 1522 2276; x_wconf 86' lang='lat' dir='ltr'>bonurn.</span> 
     </span>
     <span class='ocr_line' id='line_1_33' title="bbox 489 2302 1516 2352; baseline 0 -11"><span class='ocrx_word' id='word_1_219' title='bbox 489 2304 581 2341; x_wconf 90' lang='lat' dir='ltr'>Hec</span> <span class='ocrx_word' id='word_1_220' title='bbox 610 2304 709 2341; x_wconf 89' lang='lat' dir='ltr'>solet</span> <span class='ocrx_word' id='word_1_221' title='bbox 737 2302 920 2352; x_wconf 87' lang='lat' dir='ltr'>antiquis,</span> <span class='ocrx_word' id='word_1_222' title='bbox 952 2315 1033 2340; x_wconf 93' lang='lat' dir='ltr'>non</span> <span class='ocrx_word' id='word_1_223' title='bbox 1062 2302 1204 2341; x_wconf 90' lang='lat' dir='ltr'>nostris</span> <span class='ocrx_word' id='word_1_224' title='bbox 1234 2310 1334 2341; x_wconf 91' lang='lat' dir='ltr'>stare</span> <span class='ocrx_word' id='word_1_225' title='bbox 1364 2303 1516 2350; x_wconf 85' lang='lat' dir='ltr'>diebus,</span> 
     </span>
     <span class='ocr_line' id='line_1_34' title="bbox 490 2367 1850 2417; baseline 0.001 -11"><span class='ocrx_word' id='word_1_226' title='bbox 490 2369 581 2417; x_wconf 85' lang='lat' dir='ltr'>Que</span> <span class='ocrx_word' id='word_1_227' title='bbox 610 2369 661 2406; x_wconf 90' lang='lat' dir='ltr'>de</span> <span class='ocrx_word' id='word_1_228' title='bbox 689 2367 830 2406; x_wconf 88' lang='lat' dir='ltr'>virtute</span> <span class='ocrx_word' id='word_1_229' title='bbox 860 2367 1034 2417; x_wconf 86' lang='lat' dir='ltr'>concipit</span> <span class='ocrx_word' id='word_1_230' title='bbox 1062 2375 1149 2405; x_wconf 87' lang='lat' dir='ltr'>acta</span> <span class='ocrx_word' id='word_1_231' title='bbox 1179 2369 1294 2406; x_wconf 89' lang='lat' dir='ltr'>scole.</span> <span class='ocrx_word' id='word_1_232' title='bbox 1767 2386 1850 2408; x_wconf 87' lang='lat'>2120</span> 
     </span>
     <span class='ocr_line' id='line_1_35' title="bbox 489 2431 1469 2483; baseline -0.001 -11"><span class='ocrx_word' id='word_1_233' title='bbox 489 2435 628 2483; x_wconf 89' lang='lat' dir='ltr'>Nuper</span> <span class='ocrx_word' id='word_1_234' title='bbox 657 2440 766 2471; x_wconf 90' lang='lat' dir='ltr'>erant</span> <span class='ocrx_word' id='word_1_235' title='bbox 795 2432 936 2471; x_wconf 89' lang='lat' dir='ltr'>mundi</span> <span class='ocrx_word' id='word_1_236' title='bbox 965 2431 1032 2482; x_wconf 87' lang='lat' dir='ltr'>qui</span> <span class='ocrx_word' id='word_1_237' title='bbox 1061 2440 1335 2483; x_wconf 88' lang='lat' dir='ltr'>contempsere</span> <span class='ocrx_word' id='word_1_238' title='bbox 1364 2433 1469 2471; x_wconf 86' lang='lat' dir='ltr'>beati</span> 
     </span>
     <span class='ocr_line' id='line_1_36' title="bbox 489 2497 1443 2549; baseline 0 -13"><span class='ocrx_word' id='word_1_239' title='bbox 489 2500 673 2549; x_wconf 88' lang='lat' dir='ltr'>Pompas,</span> <span class='ocrx_word' id='word_1_240' title='bbox 705 2505 743 2537; x_wconf 91' lang='lat' dir='ltr'>et</span> <span class='ocrx_word' id='word_1_241' title='bbox 771 2511 971 2536; x_wconf 90' lang='lat' dir='ltr'>summurn</span> <span class='ocrx_word' id='word_1_242' title='bbox 1000 2497 1237 2547; x_wconf 91' lang='lat' dir='ltr'>concupiere</span> <span class='ocrx_word' id='word_1_243' title='bbox 1266 2498 1418 2536; x_wconf 91' lang='lat' dir='ltr'>bonum</span> <span class='ocrx_word' id='word_1_244' title='bbox 1432 2513 1443 2546; x_wconf 81' lang='lat'><em>3</em></span> 
     </span>
     <span class='ocr_line' id='line_1_37' title="bbox 488 2562 1566 2613; baseline 0 -11"><span class='ocrx_word' id='word_1_245' title='bbox 488 2566 540 2602; x_wconf 90' lang='lat' dir='ltr'>Et</span> <span class='ocrx_word' id='word_1_246' title='bbox 569 2563 662 2613; x_wconf 87' lang='lat' dir='ltr'>quia</span> <span class='ocrx_word' id='word_1_247' title='bbox 691 2562 788 2602; x_wconf 87' lang='lat' dir='ltr'>scire</span> <span class='ocrx_word' id='word_1_248' title='bbox 817 2564 943 2601; x_wconf 85' lang='lat' dir='ltr'>scolas</span> <span class='ocrx_word' id='word_1_249' title='bbox 972 2562 1077 2601; x_wconf 83' lang='lat' dir='ltr'>acuit</span> <span class='ocrx_word' id='word_1_250' title='bbox 1106 2569 1258 2601; x_wconf 89' lang='lat' dir='ltr'>mentes</span> <span class='ocrx_word' id='word_1_251' title='bbox 1288 2564 1370 2602; x_wconf 89' lang='lat' dir='ltr'>fore</span> <span class='ocrx_word' id='word_1_252' title='bbox 1401 2570 1566 2611; x_wconf 85' lang='lat' dir='ltr'>sanctas,</span> 
     </span>
     <span class='ocr_line' id='line_1_38' title="bbox 488 2627 1236 2679; baseline -0.003 -12"><span class='ocrx_word' id='word_1_253' title='bbox 488 2628 687 2679; x_wconf 88' lang='lat' dir='ltr'>Scripture</span> <span class='ocrx_word' id='word_1_254' title='bbox 716 2628 855 2667; x_wconf 89' lang='lat' dir='ltr'>studiis</span> <span class='ocrx_word' id='word_1_255' title='bbox 884 2642 925 2667; x_wconf 93' lang='lat' dir='ltr'>se</span> <span class='ocrx_word' id='word_1_256' title='bbox 954 2628 1123 2667; x_wconf 91' lang='lat' dir='ltr'>tribuere</span> <span class='ocrx_word' id='word_1_257' title='bbox 1152 2627 1236 2678; x_wconf 91' lang='lat' dir='ltr'>piis.</span> 
     </span>
     <span class='ocr_line' id='line_1_39' title="bbox 488 2693 1599 2743; baseline 0 -11"><span class='ocrx_word' id='word_1_258' title='bbox 488 2695 584 2732; x_wconf 90' lang='lat' dir='ltr'>Non</span> <span class='ocrx_word' id='word_1_259' title='bbox 612 2695 685 2732; x_wconf 92' lang='lat' dir='ltr'>hos</span> <span class='ocrx_word' id='word_1_260' title='bbox 713 2693 897 2742; x_wconf 87' lang='lat' dir='ltr'>ambicio,</span> <span class='ocrx_word' id='word_1_261' title='bbox 928 2707 1009 2732; x_wconf 91' lang='lat' dir='ltr'>non</span> <span class='ocrx_word' id='word_1_262' title='bbox 1038 2695 1110 2732; x_wconf 92' lang='lat' dir='ltr'>hos</span> <span class='ocrx_word' id='word_1_263' title='bbox 1139 2706 1250 2731; x_wconf 87' lang='lat' dir='ltr'>amor</span> <span class='ocrx_word' id='word_1_264' title='bbox 1278 2701 1385 2743; x_wconf 89' lang='lat' dir='ltr'>vrget</span> <span class='ocrx_word' id='word_1_265' title='bbox 1414 2694 1599 2742; x_wconf 81' lang='lat' dir='ltr'>habendi,</span> 
     </span>
     <span class='ocr_line' id='line_1_40' title="bbox 488 2758 1332 2798; baseline -0.002 0"><span class='ocrx_word' id='word_1_266' title='bbox 488 2760 556 2798; x_wconf 92' lang='lat' dir='ltr'>Set</span> <span class='ocrx_word' id='word_1_267' title='bbox 584 2759 717 2797; x_wconf 89' lang='lat' dir='ltr'>studio</span> <span class='ocrx_word' id='word_1_268' title='bbox 746 2772 874 2798; x_wconf 85' lang='lat' dir='ltr'>mores</span> <span class='ocrx_word' id='word_1_269' title='bbox 903 2758 1186 2798; x_wconf 85' lang='lat' dir='ltr'>conuenienter</span> <span class='ocrx_word' id='word_1_270' title='bbox 1214 2766 1332 2797; x_wconf 89' lang='lat' dir='ltr'>eunt:</span> 
     </span>
     <span class='ocr_line' id='line_1_41' title="bbox 488 2823 1481 2875; baseline 0 -13"><span class='ocrx_word' id='word_1_271' title='bbox 488 2823 561 2862; x_wconf 91' lang='lat' dir='ltr'>Hii</span> <span class='ocrx_word' id='word_1_272' title='bbox 589 2826 904 2875; x_wconf 83' lang='lat' dir='ltr'>contemplantes</span> <span class='ocrx_word' id='word_1_273' title='bbox 933 2825 1062 2863; x_wconf 89' lang='lat' dir='ltr'>celum</span> <span class='ocrx_word' id='word_1_274' title='bbox 1091 2831 1244 2863; x_wconf 82' lang='lat' dir='ltr'>terrena</span> <span class='ocrx_word' id='word_1_275' title='bbox 1273 2824 1481 2875; x_wconf 89' lang='lat' dir='ltr'>negabant,</span> 
     </span>
    </p>
   </div>
   <div class='ocr_carea' id='block_1_4' title="bbox 933 2899 1290 2942">
    <p class='ocr_par' dir='ltr' id='par_1_4' title="bbox 933 2899 1290 2942">
     <span class='ocr_line' id='line_1_42' title="bbox 933 2899 1290 2942; baseline -0.003 -10"><span class='ocrx_word' id='word_1_276' title='bbox 933 2909 1020 2940; x_wconf 82' lang='lat'>2095</span> <span class='ocrx_word' id='word_1_277' title='bbox 1043 2899 1098 2931; x_wconf 91' lang='lat' dir='ltr'>No</span> <span class='ocrx_word' id='word_1_278' title='bbox 1109 2904 1247 2942; x_wconf 83' lang='lat' dir='ltr'>paragr.</span> <span class='ocrx_word' id='word_1_279' title='bbox 1266 2899 1290 2931; x_wconf 89' lang='lat' dir='ltr'>S</span> 
     </span>
    </p>
   </div>
   <div class='ocr_carea' id='block_1_5' title="bbox 2015 0 2091 3173">
    <p class='ocr_par' dir='ltr' id='par_1_5' title="bbox 2015 0 2091 3173">
     <span class='ocr_line' id='line_1_43' title="bbox 2015 0 2091 3173; baseline 0 0"><span class='ocrx_word' id='word_1_280' title='bbox 2015 0 2091 3173; x_wconf 95' lang='lat' dir='ltr'> </span> 
     </span>
    </p>
   </div>
  </div>
 </body>
</html>
