<?xml version="1.0" encoding="UTF-8"?>
<!DOCTYPE html PUBLIC "-//W3C//DTD XHTML 1.0 Transitional//EN"
    "http://www.w3.org/TR/xhtml1/DTD/xhtml1-transitional.dtd">
<html xmlns="http://www.w3.org/1999/xhtml" xml:lang="en" lang="en">
 <head>
  <title>
</title>
<meta http-equiv="Content-Type" content="text/html;charset=utf-8" />
  <meta name='ocr-system' content='tesseract 3.04.00' />
  <meta name='ocr-capabilities' content='ocr_page ocr_carea ocr_par ocr_line ocrx_word'/>
</head>
<body>
  <div class='ocr_page' id='page_1' title='image "./completeworksofj04gowe_0468.png"; bbox 0 0 2121 3173; ppageno 0'>
   <div class='ocr_carea' id='block_1_1' title="bbox 440 242 521 294">
    <p class='ocr_par' dir='ltr' id='par_1_1' title="bbox 440 242 521 294">
     <span class='ocr_line' id='line_1_1' title="bbox 440 242 521 294; baseline 0 0"><span class='ocrx_word' id='word_1_1' title='bbox 440 242 521 294; x_wconf 86' lang='lat'>358</span> 
     </span>
    </p>
   </div>
   <div class='ocr_carea' id='block_1_2' title="bbox 499 2833 1000 2873">
    <p class='ocr_par' dir='ltr' id='par_1_2' title="bbox 499 2833 1000 2873">
     <span class='ocr_line' id='line_1_2' title="bbox 499 2833 1000 2873; baseline 0.012 -11"><span class='ocrx_word' id='word_1_2' title='bbox 499 2833 608 2863; x_wconf 83' lang='lat' dir='ltr'>‘Ecce</span> <span class='ocrx_word' id='word_1_3' title='bbox 640 2838 731 2873; x_wconf 84' lang='lat' dir='ltr'>patet</span> <span class='ocrx_word' id='word_1_4' title='bbox 768 2836 908 2866; x_wconf 84' lang='lat' dir='ltr'>tensus’</span> <span class='ocrx_word' id='word_1_5' title='bbox 940 2838 1000 2869; x_wconf 54' lang='lat' dir='ltr'>&amp;a</span> 
     </span>
    </p>
   </div>
   <div class='ocr_carea' id='block_1_3' title="bbox 825 234 1640 281">
    <p class='ocr_par' dir='ltr' id='par_1_3' title="bbox 825 234 1640 281">
     <span class='ocr_line' id='line_1_3' title="bbox 825 234 1640 281; baseline -0.006 -2"><span class='ocrx_word' id='word_1_6' title='bbox 825 239 977 281; x_wconf 86' lang='lat' dir='ltr'>ECCE</span> <span class='ocrx_word' id='word_1_7' title='bbox 1019 237 1215 279; x_wconf 89' lang='lat' dir='ltr'><strong>PATET</strong></span> <span class='ocrx_word' id='word_1_8' title='bbox 1254 234 1500 277; x_wconf 88' lang='lat' dir='ltr'>TENSUS</span> <span class='ocrx_word' id='word_1_9' title='bbox 1544 247 1640 275; x_wconf 80' lang='lat' dir='ltr'>Ere.</span> 
     </span>
    </p>
   </div>
   <div class='ocr_carea' id='block_1_4' title="bbox 553 673 1633 1569">
    <p class='ocr_par' dir='ltr' id='par_1_4' title="bbox 553 673 1633 1569">
     <span class='ocr_line' id='line_1_4' title="bbox 660 673 1544 726; baseline -0.003 -11"><span class='ocrx_word' id='word_1_10' title='bbox 660 687 738 715; x_wconf 84' lang='lat' dir='ltr'>CCE</span> <span class='ocrx_word' id='word_1_11' title='bbox 766 682 874 726; x_wconf 84' lang='lat' dir='ltr'>patet</span> <span class='ocrx_word' id='word_1_12' title='bbox 903 682 1038 713; x_wconf 89' lang='lat' dir='ltr'>tensus</span> <span class='ocrx_word' id='word_1_13' title='bbox 1067 674 1151 713; x_wconf 89' lang='lat' dir='ltr'>ceci</span> <span class='ocrx_word' id='word_1_14' title='bbox 1181 673 1390 725; x_wconf 85' lang='lat' dir='ltr'>Cupidinis</span> <span class='ocrx_word' id='word_1_15' title='bbox 1419 687 1544 721; x_wconf 89' lang='lat' dir='ltr'>arcus,</span> 
     </span>
     <span class='ocr_line' id='line_1_5' title="bbox 687 738 1565 790; baseline -0.002 -12"><span class='ocrx_word' id='word_1_16' title='bbox 687 741 806 779; x_wconf 84' lang='lat' dir='ltr'><strong>Vnde</strong></span> <span class='ocrx_word' id='word_1_17' title='bbox 835 739 974 790; x_wconf 83' lang='lat' dir='ltr'>sagitta</span> <span class='ocrx_word' id='word_1_18' title='bbox 1001 741 1138 778; x_wconf 83' lang='lat' dir='ltr'>volans</span> <span class='ocrx_word' id='word_1_19' title='bbox 1167 740 1283 778; x_wconf 84' lang='lat' dir='ltr'>ardor</span> <span class='ocrx_word' id='word_1_20' title='bbox 1310 738 1454 777; x_wconf 86' lang='lat' dir='ltr'>amoris</span> <span class='ocrx_word' id='word_1_21' title='bbox 1483 738 1565 777; x_wconf 88' lang='lat' dir='ltr'>erit.</span> 
     </span>
     <span class='ocr_line' id='line_1_6' title="bbox 553 803 1627 854; baseline -0.004 -8"><span class='ocrx_word' id='word_1_22' title='bbox 553 805 700 846; x_wconf 89' lang='lat' dir='ltr'>Omnia</span> <span class='ocrx_word' id='word_1_23' title='bbox 728 805 849 844; x_wconf 87' lang='lat' dir='ltr'>vincit</span> <span class='ocrx_word' id='word_1_24' title='bbox 877 818 999 853; x_wconf 82' lang='lat' dir='ltr'>amor,</span> <span class='ocrx_word' id='word_1_25' title='bbox 1032 818 1149 844; x_wconf 90' lang='lat' dir='ltr'>cecus</span> <span class='ocrx_word' id='word_1_26' title='bbox 1178 812 1311 843; x_wconf 86' lang='lat' dir='ltr'>tamen</span> <span class='ocrx_word' id='word_1_27' title='bbox 1341 811 1441 843; x_wconf 86' lang='lat' dir='ltr'>errat</span> <span class='ocrx_word' id='word_1_28' title='bbox 1469 803 1627 854; x_wconf 88' lang='lat' dir='ltr'>vbique,</span> 
     </span>
     <span class='ocr_line' id='line_1_7' title="bbox 553 869 1426 921; baseline -0.002 -12"><span class='ocrx_word' id='word_1_29' title='bbox 553 872 646 919; x_wconf 85' lang='lat' dir='ltr'>Quo</span> <span class='ocrx_word' id='word_1_30' title='bbox 676 870 750 909; x_wconf 89' lang='lat' dir='ltr'>sibi</span> <span class='ocrx_word' id='word_1_31' title='bbox 779 870 973 909; x_wconf 90' lang='lat' dir='ltr'>directum</span> <span class='ocrx_word' id='word_1_32' title='bbox 1003 883 1161 921; x_wconf 81' lang='lat' dir='ltr'>carpere</span> <span class='ocrx_word' id='word_1_33' title='bbox 1190 869 1315 908; x_wconf 90' lang='lat' dir='ltr'>nescit</span> <span class='ocrx_word' id='word_1_34' title='bbox 1344 869 1426 908; x_wconf 85' lang='lat' dir='ltr'>iter.</span> 
     </span>
     <span class='ocr_line' id='line_1_8' title="bbox 554 934 1530 981; baseline -0.002 -7"><span class='ocrx_word' id='word_1_35' title='bbox 554 937 628 974; x_wconf 88' lang='lat' dir='ltr'>Ille</span> <span class='ocrx_word' id='word_1_36' title='bbox 657 949 748 974; x_wconf 91' lang='lat' dir='ltr'>suos</span> <span class='ocrx_word' id='word_1_37' title='bbox 777 936 947 974; x_wconf 84' lang='lat' dir='ltr'>famulos</span> <span class='ocrx_word' id='word_1_38' title='bbox 976 935 1030 973; x_wconf 87' lang='lat' dir='ltr'>ita</span> <span class='ocrx_word' id='word_1_39' title='bbox 1058 948 1174 974; x_wconf 89' lang='lat' dir='ltr'>cecos</span> <span class='ocrx_word' id='word_1_40' title='bbox 1203 934 1312 973; x_wconf 91' lang='lat' dir='ltr'>ducit</span> <span class='ocrx_word' id='word_1_41' title='bbox 1340 941 1530 981; x_wconf 83' lang='lat' dir='ltr'>amantes,</span> 
     </span>
     <span class='ocr_line' id='line_1_9' title="bbox 554 999 1633 1051; baseline -0.002 -12"><span class='ocrx_word' id='word_1_42' title='bbox 554 1002 676 1050; x_wconf 81' lang='lat' dir='ltr'>Quod</span> <span class='ocrx_word' id='word_1_43' title='bbox 706 1000 781 1039; x_wconf 90' lang='lat' dir='ltr'>sibi</span> <span class='ocrx_word' id='word_1_44' title='bbox 809 1000 906 1051; x_wconf 87' lang='lat' dir='ltr'>quid</span> <span class='ocrx_word' id='word_1_45' title='bbox 932 1001 1072 1039; x_wconf 87' lang='lat' dir='ltr'>deceat</span> <span class='ocrx_word' id='word_1_46' title='bbox 1099 1014 1181 1039; x_wconf 91' lang='lat' dir='ltr'>non</span> <span class='ocrx_word' id='word_1_47' title='bbox 1208 999 1316 1039; x_wconf 88' lang='lat' dir='ltr'>videt</span> <span class='ocrx_word' id='word_1_48' title='bbox 1344 1001 1444 1038; x_wconf 86' lang='lat' dir='ltr'>vllus</span> <span class='ocrx_word' id='word_1_49' title='bbox 1472 1011 1633 1038; x_wconf 85' lang='lat' dir='ltr'>amans:</span> 
     </span>
     <span class='ocr_line' id='line_1_10' title="bbox 555 1063 1442 1114; baseline -0.001 -11"><span class='ocrx_word' id='word_1_50' title='bbox 555 1065 618 1103; x_wconf 87' lang='lat' dir='ltr'>Sic</span> <span class='ocrx_word' id='word_1_51' title='bbox 647 1066 785 1103; x_wconf 85' lang='lat' dir='ltr'>oculus</span> <span class='ocrx_word' id='word_1_52' title='bbox 814 1064 944 1104; x_wconf 90' lang='lat' dir='ltr'>cordis</span> <span class='ocrx_word' id='word_1_53' title='bbox 973 1064 1100 1103; x_wconf 85' lang='lat' dir='ltr'>carnis</span> <span class='ocrx_word' id='word_1_54' title='bbox 1130 1063 1296 1114; x_wconf 84' lang='lat' dir='ltr'>caligine</span> <span class='ocrx_word' id='word_1_55' title='bbox 1325 1077 1442 1102; x_wconf 89' lang='lat' dir='ltr'>cecus</span> 
     </span>
     <span class='ocr_line' id='line_1_11' title="bbox 555 1129 1374 1177; baseline -0.001 -9"><span class='ocrx_word' id='word_1_56' title='bbox 555 1129 726 1177; x_wconf 82' lang='lat' dir='ltr'><strong>Decidit,</strong></span> <span class='ocrx_word' id='word_1_57' title='bbox 759 1137 797 1169; x_wconf 85' lang='lat' dir='ltr'>et</span> <span class='ocrx_word' id='word_1_58' title='bbox 825 1129 931 1168; x_wconf 86' lang='lat' dir='ltr'>racio</span> <span class='ocrx_word' id='word_1_59' title='bbox 961 1129 1015 1168; x_wconf 91' lang='lat' dir='ltr'>nil</span> <span class='ocrx_word' id='word_1_60' title='bbox 1045 1129 1213 1168; x_wconf 82' lang='lat' dir='ltr'>racionis</span> <span class='ocrx_word' id='word_1_61' title='bbox 1242 1129 1374 1167; x_wconf 90' lang='lat' dir='ltr'>habet.</span> 
     </span>
     <span class='ocr_line' id='line_1_12' title="bbox 556 1194 1588 1245; baseline -0.002 -11"><span class='ocrx_word' id='word_1_62' title='bbox 556 1195 619 1235; x_wconf 85' lang='lat' dir='ltr'>Sic</span> <span class='ocrx_word' id='word_1_63' title='bbox 649 1208 760 1234; x_wconf 88' lang='lat' dir='ltr'>amor</span> <span class='ocrx_word' id='word_1_64' title='bbox 789 1209 836 1234; x_wconf 85' lang='lat' dir='ltr'>ex</span> <span class='ocrx_word' id='word_1_65' title='bbox 864 1197 964 1234; x_wconf 88' lang='lat' dir='ltr'>velle</span> <span class='ocrx_word' id='word_1_66' title='bbox 994 1194 1101 1242; x_wconf 89' lang='lat' dir='ltr'>viuit,</span> <span class='ocrx_word' id='word_1_67' title='bbox 1134 1208 1254 1245; x_wconf 85' lang='lat' dir='ltr'>quem</span> <span class='ocrx_word' id='word_1_68' title='bbox 1284 1208 1378 1233; x_wconf 88' lang='lat' dir='ltr'>ceca</span> <span class='ocrx_word' id='word_1_69' title='bbox 1406 1195 1588 1244; x_wconf 86' lang='lat' dir='ltr'>voluptas</span> 
     </span>
     <span class='ocr_line' id='line_1_13' title="bbox 555 1258 1551 1310; baseline -0.002 -12"><span class='ocrx_word' id='word_1_70' title='bbox 555 1260 700 1307; x_wconf 87' lang='lat' dir='ltr'>Nutrit,</span> <span class='ocrx_word' id='word_1_71' title='bbox 731 1267 769 1299; x_wconf 86' lang='lat' dir='ltr'>et</span> <span class='ocrx_word' id='word_1_72' title='bbox 797 1261 849 1299; x_wconf 86' lang='lat' dir='ltr'>ad</span> <span class='ocrx_word' id='word_1_73' title='bbox 878 1260 1066 1310; x_wconf 84' lang='lat' dir='ltr'>placitum</span> <span class='ocrx_word' id='word_1_74' title='bbox 1096 1267 1240 1298; x_wconf 84' lang='lat' dir='ltr'>cuncta</span> <span class='ocrx_word' id='word_1_75' title='bbox 1268 1259 1462 1298; x_wconf 82' lang='lat' dir='ltr'>ministrat</span> <span class='ocrx_word' id='word_1_76' title='bbox 1490 1258 1526 1297; x_wconf 90' lang='lat' dir='ltr'>ei</span> <span class='ocrx_word' id='word_1_77' title='bbox 1541 1273 1551 1306; x_wconf 80' lang='lat'><em>3</em></span> 
     </span>
     <span class='ocr_line' id='line_1_14' title="bbox 556 1323 1615 1375; baseline -0.002 -12"><span class='ocrx_word' id='word_1_78' title='bbox 556 1326 718 1375; x_wconf 85' lang='lat' dir='ltr'>Subque</span> <span class='ocrx_word' id='word_1_79' title='bbox 747 1324 827 1363; x_wconf 90' lang='lat' dir='ltr'>suis</span> <span class='ocrx_word' id='word_1_80' title='bbox 855 1324 926 1363; x_wconf 88' lang='lat' dir='ltr'>alis</span> <span class='ocrx_word' id='word_1_81' title='bbox 956 1326 1129 1364; x_wconf 90' lang='lat' dir='ltr'>mundus</span> <span class='ocrx_word' id='word_1_82' title='bbox 1158 1323 1368 1375; x_wconf 87' lang='lat' dir='ltr'>requiescit</span> <span class='ocrx_word' id='word_1_83' title='bbox 1396 1323 1437 1362; x_wconf 91' lang='lat' dir='ltr'>in</span> <span class='ocrx_word' id='word_1_84' title='bbox 1466 1324 1615 1371; x_wconf 86' lang='lat' dir='ltr'>vmbra,</span> 
     </span>
     <span class='ocr_line' id='line_1_15' title="bbox 556 1388 1433 1440; baseline 0 -13"><span class='ocrx_word' id='word_1_85' title='bbox 556 1391 607 1427; x_wconf 90' lang='lat' dir='ltr'>Et</span> <span class='ocrx_word' id='word_1_86' title='bbox 636 1402 706 1427; x_wconf 86' lang='lat' dir='ltr'>sua</span> <span class='ocrx_word' id='word_1_87' title='bbox 733 1397 919 1440; x_wconf 86' lang='lat' dir='ltr'>precepta</span> <span class='ocrx_word' id='word_1_88' title='bbox 947 1389 1125 1440; x_wconf 85' lang='lat' dir='ltr'>quisquis</span> <span class='ocrx_word' id='word_1_89' title='bbox 1154 1389 1301 1439; x_wconf 89' lang='lat' dir='ltr'>vbique</span> <span class='ocrx_word' id='word_1_90' title='bbox 1329 1388 1433 1427; x_wconf 86' lang='lat' dir='ltr'>facit.</span> 
     </span>
     <span class='ocr_line' id='line_1_16' title="bbox 558 1453 1565 1504; baseline -0.001 -12"><span class='ocrx_word' id='word_1_91' title='bbox 558 1455 650 1504; x_wconf 90' lang='lat' dir='ltr'>Ipse</span> <span class='ocrx_word' id='word_1_92' title='bbox 679 1461 890 1492; x_wconf 88' lang='lat' dir='ltr'>coronatus</span> <span class='ocrx_word' id='word_1_93' title='bbox 919 1454 1058 1504; x_wconf 81' lang='lat' dir='ltr'>inopes</span> <span class='ocrx_word' id='word_1_94' title='bbox 1089 1453 1205 1492; x_wconf 86' lang='lat' dir='ltr'>simul</span> <span class='ocrx_word' id='word_1_95' title='bbox 1233 1461 1353 1503; x_wconf 83' lang='lat' dir='ltr'>atque</span> <span class='ocrx_word' id='word_1_96' title='bbox 1382 1460 1565 1503; x_wconf 88' lang='lat' dir='ltr'>potentes</span> 
     </span>
     <span class='ocr_line' id='line_1_17' title="bbox 557 1518 1391 1569; baseline -0.001 -12"><span class='ocrx_word' id='word_1_97' title='bbox 557 1519 709 1558; x_wconf 81' lang='lat' dir='ltr'>Omnes</span> <span class='ocrx_word' id='word_1_98' title='bbox 738 1520 823 1569; x_wconf 87' lang='lat' dir='ltr'>lege</span> <span class='ocrx_word' id='word_1_99' title='bbox 852 1518 935 1569; x_wconf 86' lang='lat' dir='ltr'>pari</span> <span class='ocrx_word' id='word_1_100' title='bbox 964 1518 1125 1557; x_wconf 91' lang='lat' dir='ltr'>conficit</span> <span class='ocrx_word' id='word_1_101' title='bbox 1153 1532 1239 1557; x_wconf 85' lang='lat' dir='ltr'>esse</span> <span class='ocrx_word' id='word_1_102' title='bbox 1267 1532 1391 1568; x_wconf 81' lang='lat' dir='ltr'>pares.</span> 
     </span>
    </p>
   </div>
   <div class='ocr_carea' id='block_1_5' title="bbox 557 1581 1663 1633">
    <p class='ocr_par' dir='ltr' id='par_1_5' title="bbox 557 1581 1663 1633">
     <span class='ocr_line' id='line_1_18' title="bbox 557 1581 1663 1633; baseline -0.001 -12"><span class='ocrx_word' id='word_1_103' title='bbox 557 1583 620 1621; x_wconf 88' lang='lat' dir='ltr'>Sic</span> <span class='ocrx_word' id='word_1_104' title='bbox 649 1597 760 1622; x_wconf 86' lang='lat' dir='ltr'>amor</span> <span class='ocrx_word' id='word_1_105' title='bbox 788 1597 908 1622; x_wconf 90' lang='lat' dir='ltr'>omne</span> <span class='ocrx_word' id='word_1_106' title='bbox 937 1585 1085 1630; x_wconf 85' lang='lat' dir='ltr'>domat,</span> <span class='ocrx_word' id='word_1_107' title='bbox 1116 1582 1307 1633; x_wconf 85' lang='lat' dir='ltr'>quicquid</span> <span class='ocrx_word' id='word_1_108' title='bbox 1336 1590 1475 1620; x_wconf 87' lang='lat' dir='ltr'>natura</span> <span class='ocrx_word' id='word_1_109' title='bbox 1504 1581 1663 1629; x_wconf 84' lang='lat' dir='ltr'>creauit,</span> 
     </span>
    </p>
   </div>
   <div class='ocr_carea' id='block_1_6' title="bbox 557 1648 1657 2799">
    <p class='ocr_par' dir='ltr' id='par_1_6' title="bbox 559 1648 1563 1698">
     <span class='ocr_line' id='line_1_19' title="bbox 559 1648 1563 1698; baseline -0.002 -12"><span class='ocrx_word' id='word_1_110' title='bbox 559 1650 610 1686; x_wconf 88' lang='lat' dir='ltr'>Et</span> <span class='ocrx_word' id='word_1_111' title='bbox 639 1656 772 1687; x_wconf 84' lang='lat' dir='ltr'>tamen</span> <span class='ocrx_word' id='word_1_112' title='bbox 801 1648 1018 1687; x_wconf 87' lang='lat' dir='ltr'>indomitus</span> <span class='ocrx_word' id='word_1_113' title='bbox 1047 1648 1131 1698; x_wconf 85' lang='lat' dir='ltr'>ipse</span> <span class='ocrx_word' id='word_1_114' title='bbox 1159 1661 1228 1698; x_wconf 92' lang='lat' dir='ltr'>per</span> <span class='ocrx_word' id='word_1_115' title='bbox 1257 1661 1377 1686; x_wconf 91' lang='lat' dir='ltr'>omne</span> <span class='ocrx_word' id='word_1_116' title='bbox 1406 1655 1563 1685; x_wconf 85' lang='lat' dir='ltr'>manet:</span> 
     </span>
    </p>

    <p class='ocr_par' dir='ltr' id='par_1_7' title="bbox 558 1711 1623 1763">
     <span class='ocr_line' id='line_1_20' title="bbox 558 1711 1623 1763; baseline -0.003 -11"><span class='ocrx_word' id='word_1_117' title='bbox 558 1714 742 1752; x_wconf 86' lang='lat' dir='ltr'>Carcerat</span> <span class='ocrx_word' id='word_1_118' title='bbox 771 1720 809 1751; x_wconf 93' lang='lat' dir='ltr'>et</span> <span class='ocrx_word' id='word_1_119' title='bbox 838 1713 1006 1760; x_wconf 81' lang='lat' dir='ltr'>redimit,</span> <span class='ocrx_word' id='word_1_120' title='bbox 1036 1712 1129 1763; x_wconf 85' lang='lat' dir='ltr'>ligat</span> <span class='ocrx_word' id='word_1_121' title='bbox 1157 1720 1276 1762; x_wconf 85' lang='lat' dir='ltr'>atque</span> <span class='ocrx_word' id='word_1_122' title='bbox 1305 1712 1423 1762; x_wconf 79' lang='lat' dir='ltr'>ligata</span> <span class='ocrx_word' id='word_1_123' title='bbox 1451 1711 1623 1758; x_wconf 87' lang='lat' dir='ltr'>resoluit,</span> 
     </span>
    </p>

    <p class='ocr_par' dir='ltr' id='par_1_8' title="bbox 558 1776 1610 1828">
     <span class='ocr_line' id='line_1_21' title="bbox 558 1776 1610 1828; baseline -0.001 -13"><span class='ocrx_word' id='word_1_124' title='bbox 558 1779 751 1816; x_wconf 81' lang='lat' dir='ltr'>Vulnerat</span> <span class='ocrx_word' id='word_1_125' title='bbox 781 1791 901 1816; x_wconf 90' lang='lat' dir='ltr'>omne</span> <span class='ocrx_word' id='word_1_126' title='bbox 929 1791 1064 1828; x_wconf 84' lang='lat' dir='ltr'>genus,</span> <span class='ocrx_word' id='word_1_127' title='bbox 1096 1791 1171 1816; x_wconf 92' lang='lat' dir='ltr'>nec</span> <span class='ocrx_word' id='word_1_128' title='bbox 1201 1777 1276 1815; x_wconf 87' lang='lat' dir='ltr'>sibi</span> <span class='ocrx_word' id='word_1_129' title='bbox 1305 1778 1449 1815; x_wconf 88' lang='lat' dir='ltr'>vulnus</span> <span class='ocrx_word' id='word_1_130' title='bbox 1478 1776 1610 1815; x_wconf 82' lang='lat' dir='ltr'>habet.</span> 
     </span>
    </p>

    <p class='ocr_par' dir='ltr' id='par_1_9' title="bbox 557 1841 1609 1893">
     <span class='ocr_line' id='line_1_22' title="bbox 557 1841 1609 1893; baseline -0.001 -13"><span class='ocrx_word' id='word_1_131' title='bbox 557 1844 653 1881; x_wconf 92' lang='lat' dir='ltr'>Non</span> <span class='ocrx_word' id='word_1_132' title='bbox 682 1850 816 1881; x_wconf 85' lang='lat' dir='ltr'>manet</span> <span class='ocrx_word' id='word_1_133' title='bbox 845 1842 886 1880; x_wconf 90' lang='lat' dir='ltr'>in</span> <span class='ocrx_word' id='word_1_134' title='bbox 917 1842 1026 1881; x_wconf 88' lang='lat' dir='ltr'>terris</span> <span class='ocrx_word' id='word_1_135' title='bbox 1055 1842 1124 1893; x_wconf 85' lang='lat' dir='ltr'>qui</span> <span class='ocrx_word' id='word_1_136' title='bbox 1153 1842 1275 1892; x_wconf 84' lang='lat' dir='ltr'>prelia</span> <span class='ocrx_word' id='word_1_137' title='bbox 1303 1841 1424 1880; x_wconf 88' lang='lat' dir='ltr'>vincit</span> <span class='ocrx_word' id='word_1_138' title='bbox 1453 1841 1609 1889; x_wconf 89' lang='lat' dir='ltr'>amoris,</span> 
     </span>
    </p>

    <p class='ocr_par' dir='ltr' id='par_1_10' title="bbox 558 1907 1479 1959">
     <span class='ocr_line' id='line_1_23' title="bbox 558 1907 1479 1959; baseline -0.001 -13"><span class='ocrx_word' id='word_1_139' title='bbox 558 1909 644 1946; x_wconf 93' lang='lat' dir='ltr'>Nec</span> <span class='ocrx_word' id='word_1_140' title='bbox 674 1907 748 1946; x_wconf 77' lang='lat' dir='ltr'>sibi</span> <span class='ocrx_word' id='word_1_141' title='bbox 777 1907 865 1958; x_wconf 84' lang='lat' dir='ltr'>quis</span> <span class='ocrx_word' id='word_1_142' title='bbox 895 1909 1006 1946; x_wconf 87' lang='lat' dir='ltr'>firme</span> <span class='ocrx_word' id='word_1_143' title='bbox 1034 1909 1169 1947; x_wconf 87' lang='lat' dir='ltr'>federa</span> <span class='ocrx_word' id='word_1_144' title='bbox 1197 1907 1304 1959; x_wconf 83' lang='lat' dir='ltr'>pacis</span> <span class='ocrx_word' id='word_1_145' title='bbox 1335 1908 1479 1946; x_wconf 88' lang='lat' dir='ltr'>habet:</span> 
     </span>
    </p>

    <p class='ocr_par' dir='ltr' id='par_1_11' title="bbox 558 1970 1621 2023">
     <span class='ocr_line' id='line_1_24' title="bbox 558 1970 1621 2023; baseline -0.002 -12"><span class='ocrx_word' id='word_1_146' title='bbox 558 1972 788 2023; x_wconf 85' lang='lat' dir='ltr'>Sampsonis</span> <span class='ocrx_word' id='word_1_147' title='bbox 817 1972 928 2020; x_wconf 89' lang='lat' dir='ltr'>vires,</span> <span class='ocrx_word' id='word_1_148' title='bbox 960 1972 1113 2023; x_wconf 84' lang='lat' dir='ltr'>gladius</span> <span class='ocrx_word' id='word_1_149' title='bbox 1142 1986 1274 2023; x_wconf 85' lang='lat' dir='ltr'>neque</span> <span class='ocrx_word' id='word_1_150' title='bbox 1305 1972 1439 2011; x_wconf 86' lang='lat' dir='ltr'>Dauid</span> <span class='ocrx_word' id='word_1_151' title='bbox 1468 1971 1509 2009; x_wconf 90' lang='lat' dir='ltr'>in</span> <span class='ocrx_word' id='word_1_152' title='bbox 1538 1970 1621 2010; x_wconf 86' lang='lat' dir='ltr'>istis</span> 
     </span>
    </p>

    <p class='ocr_par' dir='ltr' id='par_1_12' title="bbox 561 2036 1574 2152">
     <span class='ocr_line' id='line_1_25' title="bbox 561 2036 1566 2087; baseline -0.001 -12"><span class='ocrx_word' id='word_1_153' title='bbox 561 2037 671 2087; x_wconf 88' lang='lat' dir='ltr'>Quid</span> <span class='ocrx_word' id='word_1_154' title='bbox 701 2037 840 2085; x_wconf 83' lang='lat' dir='ltr'>laudis,</span> <span class='ocrx_word' id='word_1_155' title='bbox 873 2051 1012 2076; x_wconf 88' lang='lat' dir='ltr'>sensus</span> <span class='ocrx_word' id='word_1_156' title='bbox 1040 2045 1109 2076; x_wconf 85' lang='lat' dir='ltr'>aut</span> <span class='ocrx_word' id='word_1_157' title='bbox 1139 2036 1374 2084; x_wconf 82' lang='lat' dir='ltr'>Salomonis,</span> <span class='ocrx_word' id='word_1_158' title='bbox 1406 2037 1566 2075; x_wconf 88' lang='lat' dir='ltr'>habent.</span> 
     </span>
     <span class='ocr_line' id='line_1_26' title="bbox 612 2101 1574 2152; baseline -0.001 -12"><span class='ocrx_word' id='word_1_159' title='bbox 612 2103 651 2141; x_wconf 89' lang='lat' dir='ltr'>O</span> <span class='ocrx_word' id='word_1_160' title='bbox 678 2110 817 2141; x_wconf 85' lang='lat' dir='ltr'>natura</span> <span class='ocrx_word' id='word_1_161' title='bbox 844 2102 926 2150; x_wconf 86' lang='lat' dir='ltr'>viri,</span> <span class='ocrx_word' id='word_1_162' title='bbox 956 2101 1100 2152; x_wconf 82' lang='lat' dir='ltr'>poterit</span> <span class='ocrx_word' id='word_1_163' title='bbox 1128 2116 1248 2152; x_wconf 90' lang='lat' dir='ltr'>quam</span> <span class='ocrx_word' id='word_1_164' title='bbox 1277 2103 1413 2140; x_wconf 83' lang='lat' dir='ltr'>tollere</span> <span class='ocrx_word' id='word_1_165' title='bbox 1442 2114 1574 2148; x_wconf 89' lang='lat' dir='ltr'>nemo,</span> 
     </span>
    </p>

    <p class='ocr_par' dir='ltr' id='par_1_13' title="bbox 559 2166 1572 2216">
     <span class='ocr_line' id='line_1_27' title="bbox 559 2166 1572 2216; baseline -0.001 -11"><span class='ocrx_word' id='word_1_166' title='bbox 559 2168 646 2205; x_wconf 89' lang='lat' dir='ltr'>Nec</span> <span class='ocrx_word' id='word_1_167' title='bbox 675 2174 808 2206; x_wconf 85' lang='lat' dir='ltr'>tamen</span> <span class='ocrx_word' id='word_1_168' title='bbox 838 2174 997 2205; x_wconf 85' lang='lat' dir='ltr'>excusat</span> <span class='ocrx_word' id='word_1_169' title='bbox 1025 2168 1135 2216; x_wconf 89' lang='lat' dir='ltr'>quod</span> <span class='ocrx_word' id='word_1_170' title='bbox 1164 2166 1256 2205; x_wconf 87' lang='lat' dir='ltr'>facit</span> <span class='ocrx_word' id='word_1_171' title='bbox 1284 2166 1370 2216; x_wconf 87' lang='lat' dir='ltr'>ipsa</span> <span class='ocrx_word' id='word_1_172' title='bbox 1398 2167 1572 2204; x_wconf 77' lang='lat' dir='ltr'>malum!</span> 
     </span>
    </p>

    <p class='ocr_par' dir='ltr' id='par_1_14' title="bbox 561 2230 1388 2280">
     <span class='ocr_line' id='line_1_28' title="bbox 561 2230 1388 2280; baseline -0.001 -10"><span class='ocrx_word' id='word_1_173' title='bbox 561 2232 597 2270; x_wconf 94' lang='lat' dir='ltr'>O</span> <span class='ocrx_word' id='word_1_174' title='bbox 627 2238 766 2270; x_wconf 82' lang='lat' dir='ltr'>natura</span> <span class='ocrx_word' id='word_1_175' title='bbox 794 2230 875 2278; x_wconf 87' lang='lat' dir='ltr'>viri,</span> <span class='ocrx_word' id='word_1_176' title='bbox 907 2244 985 2280; x_wconf 90' lang='lat' dir='ltr'>que</span> <span class='ocrx_word' id='word_1_177' title='bbox 1014 2238 1216 2269; x_wconf 84' lang='lat' dir='ltr'>naturatur</span> <span class='ocrx_word' id='word_1_178' title='bbox 1244 2232 1388 2269; x_wconf 85' lang='lat' dir='ltr'>eodem</span> 
     </span>
    </p>

    <p class='ocr_par' dir='ltr' id='par_1_15' title="bbox 560 2294 1473 2345">
     <span class='ocr_line' id='line_1_29' title="bbox 560 2294 1473 2345; baseline -0.001 -12"><span class='ocrx_word' id='word_1_179' title='bbox 560 2296 682 2345; x_wconf 86' lang='lat' dir='ltr'>Quod</span> <span class='ocrx_word' id='word_1_180' title='bbox 711 2295 831 2334; x_wconf 84' lang='lat' dir='ltr'>vitare</span> <span class='ocrx_word' id='word_1_181' title='bbox 860 2294 1009 2345; x_wconf 87' lang='lat' dir='ltr'>nequit,</span> <span class='ocrx_word' id='word_1_182' title='bbox 1040 2308 1114 2334; x_wconf 90' lang='lat' dir='ltr'>nec</span> <span class='ocrx_word' id='word_1_183' title='bbox 1142 2295 1233 2334; x_wconf 88' lang='lat' dir='ltr'>licet</span> <span class='ocrx_word' id='word_1_184' title='bbox 1262 2295 1359 2334; x_wconf 89' lang='lat' dir='ltr'>illud</span> <span class='ocrx_word' id='word_1_185' title='bbox 1388 2295 1473 2345; x_wconf 78' lang='lat' dir='ltr'>agi!</span> 
     </span>
    </p>

    <p class='ocr_par' dir='ltr' id='par_1_16' title="bbox 562 2359 1470 2410">
     <span class='ocr_line' id='line_1_30' title="bbox 562 2359 1470 2410; baseline -0.001 -11"><span class='ocrx_word' id='word_1_186' title='bbox 562 2362 598 2400; x_wconf 89' lang='lat' dir='ltr'>O</span> <span class='ocrx_word' id='word_1_187' title='bbox 628 2368 767 2399; x_wconf 85' lang='lat' dir='ltr'>natura</span> <span class='ocrx_word' id='word_1_188' title='bbox 795 2359 876 2407; x_wconf 91' lang='lat' dir='ltr'>viri,</span> <span class='ocrx_word' id='word_1_189' title='bbox 908 2362 990 2399; x_wconf 93' lang='lat' dir='ltr'>duo</span> <span class='ocrx_word' id='word_1_190' title='bbox 1020 2374 1097 2410; x_wconf 86' lang='lat' dir='ltr'>que</span> <span class='ocrx_word' id='word_1_191' title='bbox 1126 2360 1321 2399; x_wconf 83' lang='lat' dir='ltr'>contraria</span> <span class='ocrx_word' id='word_1_192' title='bbox 1349 2359 1470 2398; x_wconf 88' lang='lat' dir='ltr'>mixta</span> 
     </span>
    </p>

    <p class='ocr_par' dir='ltr' id='par_1_17' title="bbox 561 2423 1500 2474">
     <span class='ocr_line' id='line_1_31' title="bbox 561 2423 1500 2474; baseline -0.003 -9"><span class='ocrx_word' id='word_1_193' title='bbox 561 2425 760 2472; x_wconf 79' lang='lat' dir='ltr'>Continet,</span> <span class='ocrx_word' id='word_1_194' title='bbox 791 2425 1000 2464; x_wconf 89' lang='lat' dir='ltr'>amborum</span> <span class='ocrx_word' id='word_1_195' title='bbox 1029 2438 1103 2463; x_wconf 87' lang='lat' dir='ltr'>nec</span> <span class='ocrx_word' id='word_1_196' title='bbox 1131 2425 1222 2463; x_wconf 90' lang='lat' dir='ltr'>licet</span> <span class='ocrx_word' id='word_1_197' title='bbox 1250 2432 1338 2463; x_wconf 86' lang='lat' dir='ltr'>acta</span> <span class='ocrx_word' id='word_1_198' title='bbox 1365 2423 1500 2474; x_wconf 83' lang='lat' dir='ltr'>sequi!</span> 
     </span>
    </p>

    <p class='ocr_par' dir='ltr' id='par_1_18' title="bbox 562 2489 1599 2540">
     <span class='ocr_line' id='line_1_32' title="bbox 562 2489 1599 2540; baseline -0.001 -12"><span class='ocrx_word' id='word_1_199' title='bbox 562 2491 598 2529; x_wconf 89' lang='lat' dir='ltr'>O</span> <span class='ocrx_word' id='word_1_200' title='bbox 628 2498 767 2528; x_wconf 86' lang='lat' dir='ltr'>natura</span> <span class='ocrx_word' id='word_1_201' title='bbox 795 2490 876 2537; x_wconf 90' lang='lat' dir='ltr'>viri,</span> <span class='ocrx_word' id='word_1_202' title='bbox 908 2504 985 2540; x_wconf 88' lang='lat' dir='ltr'>que</span> <span class='ocrx_word' id='word_1_203' title='bbox 1015 2503 1170 2540; x_wconf 89' lang='lat' dir='ltr'>semper</span> <span class='ocrx_word' id='word_1_204' title='bbox 1197 2491 1317 2528; x_wconf 90' lang='lat' dir='ltr'>habet</span> <span class='ocrx_word' id='word_1_205' title='bbox 1347 2489 1421 2527; x_wconf 88' lang='lat' dir='ltr'>sibi</span> <span class='ocrx_word' id='word_1_206' title='bbox 1451 2489 1599 2528; x_wconf 90' lang='lat' dir='ltr'>bellum</span> 
     </span>
    </p>

    <p class='ocr_par' dir='ltr' id='par_1_19' title="bbox 563 2554 1507 2605">
     <span class='ocr_line' id='line_1_33' title="bbox 563 2554 1507 2605; baseline -0.001 -12"><span class='ocrx_word' id='word_1_207' title='bbox 563 2555 748 2605; x_wconf 89' lang='lat' dir='ltr'>Corporis</span> <span class='ocrx_word' id='word_1_208' title='bbox 778 2568 824 2594; x_wconf 86' lang='lat' dir='ltr'>ac</span> <span class='ocrx_word' id='word_1_209' title='bbox 852 2555 995 2603; x_wconf 85' lang='lat' dir='ltr'>anime,</span> <span class='ocrx_word' id='word_1_210' title='bbox 1027 2568 1104 2605; x_wconf 90' lang='lat' dir='ltr'>que</span> <span class='ocrx_word' id='word_1_211' title='bbox 1135 2568 1204 2593; x_wconf 90' lang='lat' dir='ltr'>sua</span> <span class='ocrx_word' id='word_1_212' title='bbox 1232 2554 1316 2592; x_wconf 83' lang='lat' dir='ltr'>iura</span> <span class='ocrx_word' id='word_1_213' title='bbox 1343 2557 1507 2604; x_wconf 88' lang='lat' dir='ltr'>petunt!</span> 
     </span>
    </p>

    <p class='ocr_par' dir='ltr' id='par_1_20' title="bbox 560 2619 1593 2671">
     <span class='ocr_line' id='line_1_34' title="bbox 560 2619 1593 2671; baseline 0 -14"><span class='ocrx_word' id='word_1_214' title='bbox 560 2619 623 2657; x_wconf 89' lang='lat' dir='ltr'>Sic</span> <span class='ocrx_word' id='word_1_215' title='bbox 653 2619 776 2670; x_wconf 82' lang='lat' dir='ltr'>magis</span> <span class='ocrx_word' id='word_1_216' title='bbox 805 2619 894 2670; x_wconf 87' lang='lat' dir='ltr'>igne</span> <span class='ocrx_word' id='word_1_217' title='bbox 924 2634 996 2658; x_wconf 88' lang='lat' dir='ltr'>suo</span> <span class='ocrx_word' id='word_1_218' title='bbox 1026 2619 1185 2671; x_wconf 88' lang='lat' dir='ltr'>Cupido</span> <span class='ocrx_word' id='word_1_219' title='bbox 1213 2619 1359 2670; x_wconf 88' lang='lat' dir='ltr'>perurit</span> <span class='ocrx_word' id='word_1_220' title='bbox 1387 2626 1593 2657; x_wconf 81' lang='lat' dir='ltr'>amantum</span> 
     </span>
    </p>

    <p class='ocr_par' dir='ltr' id='par_1_21' title="bbox 563 2685 1457 2738">
     <span class='ocr_line' id='line_1_35' title="bbox 563 2685 1457 2738; baseline 0 -17"><span class='ocrx_word' id='word_1_221' title='bbox 563 2685 613 2721; x_wconf 89' lang='lat' dir='ltr'>Et</span> <span class='ocrx_word' id='word_1_222' title='bbox 642 2685 754 2734; x_wconf 81' lang='lat' dir='ltr'>quasi</span> <span class='ocrx_word' id='word_1_223' title='bbox 783 2686 834 2724; x_wconf 93' lang='lat' dir='ltr'>de</span> <span class='ocrx_word' id='word_1_224' title='bbox 863 2685 968 2723; x_wconf 91' lang='lat' dir='ltr'>bello</span> <span class='ocrx_word' id='word_1_225' title='bbox 998 2686 1118 2723; x_wconf 86' lang='lat' dir='ltr'>corda</span> <span class='ocrx_word' id='word_1_226' title='bbox 1147 2685 1457 2738; x_wconf 21' lang='lat' dir='ltr'>subacta-tenet.</span> 
     </span>
    </p>

    <p class='ocr_par' dir='ltr' id='par_1_22' title="bbox 564 2748 1657 2799">
     <span class='ocr_line' id='line_1_36' title="bbox 564 2748 1657 2799; baseline 0 -14"><span class='ocrx_word' id='word_1_227' title='bbox 564 2748 643 2796; x_wconf 83' lang='lat' dir='ltr'>Qui</span> <span class='ocrx_word' id='word_1_228' title='bbox 673 2751 755 2787; x_wconf 92' lang='lat' dir='ltr'>vult</span> <span class='ocrx_word' id='word_1_229' title='bbox 784 2762 876 2799; x_wconf 84' lang='lat' dir='ltr'>ergo</span> <span class='ocrx_word' id='word_1_230' title='bbox 906 2763 975 2788; x_wconf 93' lang='lat' dir='ltr'>sue</span> <span class='ocrx_word' id='word_1_231' title='bbox 1004 2749 1131 2788; x_wconf 86' lang='lat' dir='ltr'>carnis</span> <span class='ocrx_word' id='word_1_232' title='bbox 1160 2762 1413 2799; x_wconf 87' lang='lat' dir='ltr'>compescere</span> <span class='ocrx_word' id='word_1_233' title='bbox 1443 2749 1657 2795; x_wconf 83' lang='lat' dir='ltr'>flammam,</span> 
     </span>
    </p>
   </div>
   <div class='ocr_carea' id='block_1_7' title="bbox 460 2882 736 2917">
    <p class='ocr_par' dir='ltr' id='par_1_23' title="bbox 460 2882 736 2917">
     <span class='ocr_line' id='line_1_37' title="bbox 460 2882 736 2917; baseline 0.004 -2"><span class='ocrx_word' id='word_1_234' title='bbox 460 2883 637 2915; x_wconf 77' lang='lat' dir='ltr'>Trentham</span> <span class='ocrx_word' id='word_1_235' title='bbox 663 2882 736 2917; x_wconf 87' lang='lat' dir='ltr'>MS.</span> 
     </span>
    </p>
   </div>
   <div class='ocr_carea' id='block_1_8' title="bbox 1880 1271 1922 1294">
    <p class='ocr_par' dir='ltr' id='par_1_24' title="bbox 1880 1271 1922 1294">
     <span class='ocr_line' id='line_1_38' title="bbox 1880 1271 1922 1294; baseline -0.024 0"><span class='ocrx_word' id='word_1_236' title='bbox 1880 1271 1922 1294; x_wconf 90' lang='lat'>10</span> 
     </span>
    </p>
   </div>
   <div class='ocr_carea' id='block_1_9' title="bbox 1884 1923 1925 1945">
    <p class='ocr_par' dir='ltr' id='par_1_25' title="bbox 1884 1923 1925 1945">
     <span class='ocr_line' id='line_1_39' title="bbox 1884 1923 1925 1945; baseline 0.024 -1"><span class='ocrx_word' id='word_1_237' title='bbox 1884 1923 1925 1945; x_wconf 91' lang='lat'>20</span> 
     </span>
    </p>
   </div>
   <div class='ocr_carea' id='block_1_10' title="bbox 1885 2570 1927 2600">
    <p class='ocr_par' dir='ltr' id='par_1_26' title="bbox 1885 2570 1927 2600">
     <span class='ocr_line' id='line_1_40' title="bbox 1885 2570 1927 2600; baseline 0 -8"><span class='ocrx_word' id='word_1_238' title='bbox 1885 2570 1927 2600; x_wconf 79' lang='lat'>30</span> 
     </span>
    </p>
   </div>
   <div class='ocr_carea' id='block_1_11' title="bbox 1066 2834 1925 2876">
    <p class='ocr_par' dir='ltr' id='par_1_27' title="bbox 1066 2834 1925 2876">
     <span class='ocr_line' id='line_1_41' title="bbox 1066 2834 1925 2876; baseline 0 -10"><span class='ocrx_word' id='word_1_239' title='bbox 1066 2835 1144 2867; x_wconf 86' lang='lat' dir='ltr'>Tln&#39;s</span> <span class='ocrx_word' id='word_1_240' title='bbox 1168 2834 1302 2876; x_wconf 84' lang='lat' dir='ltr'>follows</span> <span class='ocrx_word' id='word_1_241' title='bbox 1337 2835 1388 2866; x_wconf 64' lang='lat' dir='ltr'>tlte</span> <span class='ocrx_word' id='word_1_242' title='bbox 1422 2835 1594 2867; x_wconf 87' lang='lat' dir='ltr'>Cinkante</span> <span class='ocrx_word' id='word_1_243' title='bbox 1629 2834 1775 2866; x_wconf 84' lang='lat' dir='ltr'>Balades</span> <span class='ocrx_word' id='word_1_244' title='bbox 1807 2834 1841 2865; x_wconf 80' lang='lat' dir='ltr'>in</span> <span class='ocrx_word' id='word_1_245' title='bbox 1872 2834 1925 2866; x_wconf 78' lang='lat' dir='ltr'>the</span> 
     </span>
    </p>
   </div>
   <div class='ocr_carea' id='block_1_12' title="bbox 2101 2156 2105 2698">
    <p class='ocr_par' dir='ltr' id='par_1_28' title="bbox 2101 2156 2105 2698">
     <span class='ocr_line' id='line_1_42' title="bbox 2101 2156 2105 2698; baseline 0 0"><span class='ocrx_word' id='word_1_246' title='bbox 2101 2156 2105 2698; x_wconf 95' lang='lat' dir='ltr'> </span> 
     </span>
    </p>
   </div>
  </div>
 </body>
</html>
