2095 3173
403 241 457 278 60

876 237 1006 279 VOX
1048 236 1407 279 CLAMANTIS

513 347 680 396 Iamque
709 346 794 384 dies
823 346 979 384 medius
1008 352 1149 383 tenues
1177 351 1424 383 contraxerat
1453 343 1620 390 vmbras‚

513 413 681 462 Iamque
710 411 793 460 pari
823 409 957 459 spacio
987 422 1125 459 vesper
1154 416 1193 448 et
1223 416 1330 448 ortus
1359 416 1464 449 erat:

512 479 592 516 Ter
620 483 758 527 quater
785 476 903 525 affligi
933 475 1130 514 sociorum
1161 487 1326 525 corpora
1354 482 1455 514 terre

512 543 618 590 Vidi,
651 543 799 591 datque
827 553 898 578 sua
927 553 1032 578 mors
1062 541 1183 578 michi
1213 540 1324 590 signa
1353 540 1464 579 mori.

513 608 722 657 Aspiciens
752 606 883 644 vultus
910 606 1077 644 aliorum
1107 606 1207 644 cede
1235 606 1454 653 madentes,

515 675 578 712 De
608 671 765 722 propria
794 671 906 709 timui
937 678 1062 709 morte
1092 683 1288 709 remorsus
1317 683 1418 721 ego;

516 738 791 787 Crudelesque
820 748 973 783 manus,
1004 736 1142 775 orbem
1172 737 1258 775 sine
1286 737 1438 776 lumine
1467 737 1561 775 iuris

514 803 742 852 Percipiens
771 802 863 849 dixi,
896 803 1006 840 ‘Iarn
1035 802 1142 839 cadit
1171 802 1270 839 ordo
1298 801 1390 839 viri'
1405 816 1417 850 ;
1792 813 1880 848 ¹370

516 869 648 907 Bestia
677 880 769 905 cum
799 868 975 917 regimen
1004 867 1213 905 hominum
1244 867 1436 916 rapuisset
1465 873 1504 906 et
1532 879 1650 914 arma,

515 935 567 972 Et
596 934 707 984 quod
736 934 844 971 nulla
872 933 953 971 suis
982 931 1134 981 legibus
1163 944 1267 982 equa
1295 932 1437 970 forent.

518 1000 612 1037 Hoc
642 999 763 1036 michi
793 998 949 1036 solliciti
979 997 1197 1035 certissima
1225 1010 1345 1035 causa
1374 997 1528 1035 timoris

517 1065 656 1102 Extitit
684 1071 723 1102 et
752 1064 866 1102 sortis
895 1063 1006 1112 peior
1035 1063 1143 1112 origo
1173 1074 1261 1101 mee
1276 1076 1287 1111 3

518 1130 623 1168 Nam
654 1130 747 1179 quia
776 1130 832 1167 sic
861 1141 1044 1178 proceres
1073 1128 1155 1166 vidi
1185 1127 1445 1166 succumbere
1474 1127 1608 1175 seruis,

517 1196 615 1245 Spes
644 1195 768 1245 magis
798 1195 838 1232 in
868 1194 956 1232 fatis
986 1194 1094 1231 nulla
1123 1194 1257 1231 salutis
1287 1200 1382 1232 erat.

518 1261 590 1298 Est
620 1261 740 1298 michi
766 1267 880 1309 rupta
908 1260 1053 1298 domus
1082 1271 1152 1308 per
1180 1270 1261 1304 eos,
1291 1271 1392 1309 quos
1422 1266 1535 1309 rupta
1562 1258 1745 1308 gehenna

519 1326 695 1373 Miserat,
726 1332 767 1363 vt
796 1325 902 1375 leges
932 1325 1113 1374 perderet
1142 1324 1241 1362 ordo
1271 1336 1386 1363 suas:

518 1391 583 1429 Sic
613 1391 766 1441 fugiens
795 1389 875 1429 abii
905 1390 1035 1428 subite
1064 1390 1246 1439 contagia
1275 1389 1411 1437 cladis,

518 1457 612 1495 Non
640 1469 758 1495 ausus
788 1457 869 1495 lese
897 1456 1020 1494 limen
1050 1456 1159 1494 adire
1188 1455 1345 1494 domus.
1796 1460 1882 1500 1380

571 1523 770 1572 Tuncque
799 1522 965 1560 domum
995 1522 1195 1571 propriam
1224 1522 1408 1571 linquens
1437 1520 1566 1559 aliena
1594 1532 1663 1570 per
1691 1531 1785 1558 arua

518 1587 760 1635 Transcurri,
793 1600 871 1637 que
900 1587 990 1626 feris
1019 1586 1184 1625 saltibus
1214 1586 1360 1636 hospes
1389 1598 1507 1624 eram.

519 1654 679 1692 Morsus
710 1665 784 1703 ego
814 1653 956 1703 linguis
985 1666 1009 1691 a
1037 1653 1157 1691 dorso
1187 1665 1281 1702 sepe
1309 1652 1460 1699 ruebat,

519 1719 572 1757 Et
601 1731 689 1757 reus
719 1717 872 1768 absque
901 1731 992 1757 meo
1021 1718 1186 1756 crimine
1215 1729 1309 1767 sepe
1337 1717 1416 1756 fui:

519 1785 583 1822 Sic
612 1797 700 1823 reus
730 1785 865 1822 infelix
892 1797 987 1834 agor
1014 1783 1171 1831 absens,
1195 1790 1235 1822 et
1264 1795 1353 1822 mea
1381 1795 1473 1821 cum
1503 1783 1553 1821 sit

520 1849 694 1898 Optima,
727 1861 807 1886 non
837 1849 916 1887 vllo
944 1861 1064 1886 causa
1092 1855 1229 1886 tuente
1257 1849 1370 1897 perit.

522 1915 624 1953 Inde
653 1915 782 1954 ferens
811 1915 935 1953 lassos
964 1915 1133 1953 aduerso
1163 1915 1318 1952 tramite
1347 1926 1497 1964 passus,

521 1981 689 2029 Quesiui
719 1987 845 2018 tutam
875 1981 982 2018 solus
1012 1979 1159 2018 habere
1188 1980 1315 2018 viam:

521 2047 710 2084 Attamen
738 2047 790 2084 ad
819 2052 971 2084 tantam
1000 2045 1149 2084 rabiem
1179 2045 1349 2095 pedibus
1378 2045 1496 2083 timor
1521 2044 1603 2082 alas

521 2111 700 2158 Addidit,
732 2117 771 2149 et
800 2111 971 2149 volucris
1001 2111 1041 2148 in
1071 2110 1261 2160 fugiendo
1291 2110 1360 2148 fui.
1799 2124 1886 2159 1390

521 2176 586 2214 Sic
615 2187 735 2225 vagus
766 2176 830 2212 hic
860 2182 899 2213 et
929 2175 995 2222 ibi,
1027 2188 1108 2225 quo
1139 2187 1222 2214 sors
1251 2174 1425 2213 ducebat
1454 2181 1629 2221 euntem,

520 2241 735 2290 Temptaui
765 2241 869 2278 varia
898 2253 991 2278 cum
1019 2241 1211 2290 grauitate
1240 2241 1351 2278 loca:

523 2308 599 2345 Pes
628 2313 742 2356 vagat
772 2318 896 2356 osque
925 2307 1024 2353 silet,
1056 2305 1195 2344 oculus
1223 2312 1357 2355 stupet
1386 2311 1425 2344 et
1453 2305 1562 2344 dolet
1590 2305 1707 2352 auris,

522 2371 603 2411 Cor
631 2372 744 2410 timet
773 2377 812 2410 et
839 2371 963 2421 rigide
992 2371 1186 2420 diriguere
1214 2382 1342 2409 come.

522 2437 632 2476 Sicut
659 2449 764 2487 aper,
793 2449 914 2487 quem
943 2436 1058 2475 turba
1087 2449 1232 2474 canum
1260 2436 1510 2474 circumsona
1537 2441 1665 2482 terret,

522 2503 698 2541 Territus
728 2509 901 2541 extrema
929 2502 1043 2541 rebar
1069 2502 1178 2540 adire
1206 2502 1304 2540 loca.

525 2569 605 2616 Ha,
636 2569 828 2618 quociens
857 2575 1005 2607 certam
1034 2580 1133 2606 sum
1164 2580 1233 2606 me
1262 2567 1450 2605 mentitus
1479 2565 1627 2605 habere

525 2634 692 2681 Horam,
723 2634 927 2683 proposito
955 2645 1034 2683 que
1063 2633 1162 2671 soret
1190 2639 1281 2682 apta
1311 2634 1424 2670 meo!

527 2698 565 2736 Si
596 2711 674 2748 qua
703 2706 812 2748 parte
840 2699 963 2736 michi
991 2699 1115 2748 magis
1144 2697 1359 2747 expediens
1388 2697 1488 2736 foret
1517 2697 1583 2745 ire,

527 2764 710 2802 Perstetit
739 2764 778 2801 in
808 2764 941 2803 media
968 2776 1038 2814 pes
1067 2763 1187 2802 michi
1216 2774 1311 2812 sepe
1338 2764 1425 2802 via:
1800 2777 1885 2806 1400

465 2852 548 2890 1369
571 2851 686 2882 limine
703 2851 727 2883 S
849 2861 931 2892 1377
958 2851 1109 2883 Iehenna
1126 2851 1153 2882 C
1280 2850 1365 2891 1386
1389 2850 1457 2882 ullo
1473 2861 1540 2883 om.
1558 2851 1589 2882 D
1607 2851 1732 2892 (marg.
1755 2850 1882 2891 deficit)

420 2912 503 2943 1392
527 2902 645 2934 Giraui
663 2903 694 2934 D
831 2913 914 2944 1395
938 2908 1049 2935 turma
1066 2903 1097 2935 D
