2095 3173
425 255 507 293 268

891 253 1022 294 VOX
1063 252 1422 294 CLAMANTIS

539 361 610 398 Est
641 372 715 397 nec
747 359 947 405 Heliseus,
980 359 1161 396 Naaman
1192 369 1323 407 neque
1353 358 1395 396 fit
1425 358 1547 396 modo
1577 370 1706 405 sanus,

535 427 631 463 Vult
661 431 793 463 tamen
823 436 873 462 en
903 423 1012 462 Giesi
1042 436 1196 462 sumere
1225 423 1332 461 dona
1361 422 1447 461 sibi.

538 491 683 529 Euolat
712 502 759 527 ex
788 489 905 526 archa
934 489 1057 527 modo
1087 501 1160 527 nec
1191 489 1290 527 redit
1320 489 1403 538 ipsa
1432 487 1630 536 columba,

537 555 662 594 Cuius
692 554 798 591 enim
828 566 972 591 coruus
1002 554 1079 591 iam
1109 554 1206 603 regit
1235 554 1319 603 ipse
1347 554 1462 592 vices.

536 619 601 657 Sic
629 618 735 667 capit
764 619 943 667 exempla
973 619 1103 656 nullus
1133 618 1184 657 de
1212 618 1299 668 lege
1327 625 1489 664 vetusta,

538 685 633 732 Quo
663 690 944 722 testamentum
975 684 1114 722 defluit
1143 696 1236 722 ecce
1267 696 1432 722 nouum.

591 750 669 787 Dic
697 749 763 787 vbi
793 756 887 787 sunt
917 749 970 786 illi
1000 749 1068 799 qui
1098 762 1223 799 nuper
1252 749 1292 787 in
1322 749 1461 788 ordine
1491 749 1610 788 Cristi

536 814 675 853 Rebus
704 821 743 852 et
772 814 961 863 exemplis
991 814 1177 864 dogmata
1206 821 1341 852 sancta
1370 814 1530 853 dabant.

537 882 722 918 Mortuus
751 886 810 918 est
840 880 989 926 Petrus,
1022 886 1098 917 stat
1128 878 1308 917 Liberius
1337 880 1471 927 modo,
1502 880 1614 918 cuius

536 945 724 984 Custodit
753 950 884 993 portas
915 945 1053 982 Simon
1083 944 1123 981 in
1152 950 1235 984 arte
1265 945 1420 993 Magus.

538 1010 676 1059 Nuper
704 1021 946 1047 conuersum
977 1009 1027 1047 de
1056 1009 1176 1047 Saulo
1206 1009 1342 1047 sencio
1373 1009 1554 1055 Paulum,

535 1075 699 1113 Saulum
729 1075 780 1113 de
810 1075 934 1113 Paulo
963 1087 1151 1124 nuncque
1179 1075 1305 1113 redire
1334 1074 1429 1113 scio.

534 1139 714 1189 Gregorii
744 1140 887 1189 scripta
914 1139 1044 1177 verbis
1074 1139 1268 1178 seruanda
1296 1138 1491 1187 iubemus,

537 1205 692 1243 Nostris
721 1212 780 1243 set
810 1205 921 1243 factis
951 1205 1035 1254 ipsa
1065 1204 1247 1255 neganda
1276 1204 1430 1243 damus.

537 1271 703 1309 Martini
732 1271 898 1320 legimus
928 1271 1093 1317 donum,
1125 1277 1184 1309 set
1213 1270 1346 1309 diuitis
1376 1283 1490 1308 aures

535 1336 621 1374 Nos
651 1336 788 1374 surdas
818 1336 999 1386 gerimus,
1031 1348 1111 1386 quo
1141 1335 1248 1374 bona
1277 1336 1384 1373 nulla
1413 1336 1565 1373 damus.

535 1402 613 1439 Dic
643 1401 707 1440 vbi
736 1401 935 1439 defunctis
964 1402 1061 1440 alter
1088 1402 1137 1440 sit
1167 1402 1207 1439 in
1236 1400 1332 1440 orbe
1362 1401 1549 1449 Thobias,

536 1467 614 1505 Dic
643 1466 708 1505 vbi
738 1467 798 1504 vel
829 1467 953 1515 pietas
982 1467 1104 1504 corda
1133 1467 1325 1505 moderna
1354 1474 1502 1505 mouet.

535 1532 719 1571 Aduerso
749 1532 920 1581 paciens,
952 1544 1145 1570 conuerso
1175 1538 1353 1581 tempore
1383 1532 1498 1579 mitis,

537 1597 612 1636 Iob
642 1598 726 1645 fuit,
757 1604 796 1636 et
826 1596 957 1635 stabili
986 1603 1120 1635 mente
1149 1596 1336 1634 remansit
1366 1597 1497 1635 idem:

536 1663 656 1700 Nunc
685 1669 819 1700 tamen
848 1669 1010 1700 econtra
1039 1662 1091 1700 de
1119 1662 1377 1711 prosperitate
1407 1662 1583 1711 superbit

535 1727 691 1775 Omnis,
723 1735 762 1766 et
789 1728 959 1766 aduerso
988 1734 1167 1777 tempore
1195 1740 1373 1765 murmur
1401 1728 1490 1777 agit.

588 1793 752 1832 Ordinis
781 1793 993 1831 instructor
1022 1805 1130 1830 nunc
1159 1799 1338 1831 mortuus
1368 1799 1427 1830 est
1457 1793 1709 1840 Benedictus,

533 1859 601 1897 Set
631 1859 808 1897 Iulianus
837 1859 969 1897 adhuc
997 1858 1094 1896 viuit
1122 1864 1160 1896 et
1189 1858 1322 1896 obstat
1351 1858 1398 1896 ei.

535 1924 651 1961 Fallit
681 1924 736 1961 sal
766 1931 876 1971 terre,
908 1936 991 1962 non
1019 1930 1079 1962 est
1108 1924 1152 1961 in‘
1177 1936 1258 1973 quo
1288 1924 1459 1969 salietur,

535 1990 648 2028 Fetet
678 1989 731 2028 ob
761 1990 838 2028 hoc
867 1989 1000 2027 anima
1028 1989 1193 2027 crimine
1222 1990 1349 2027 carnis
1380 1990 1504 2028 olens.

536 2055 632 2092 Non
664 2055 829 2092 moritur
856 2067 1033 2104 granum,
1066 2062 1200 2093 manet
1229 2055 1269 2092 in
1299 2066 1340 2093 se
1370 2061 1429 2093 set
1458 2055 1581 2093 modo
1610 2055 1752 2102 solum,

534 2119 717 2168 Occupat
746 2127 785 2157 et
814 2126 956 2157 terram
986 2120 1105 2158 cardo
1134 2131 1213 2169 que
1241 2126 1367 2158 vastat
1396 2133 1508 2158 eam:

535 2184 630 2222 Non
661 2191 794 2222 manet
824 2185 863 2221 in
894 2185 973 2222 vite
1002 2184 1124 2222 rnodo
1154 2184 1316 2233 palmes,
1349 2186 1404 2222 sic
1434 2198 1564 2234 neque
1593 2185 1740 2223 fructus

538 2250 629 2287 Fert
658 2262 718 2298 ea,
747 2256 805 2288 set
835 2250 974 2288 sterilis
1003 2250 1107 2287 sicca
1136 2249 1348 2287 cremanda
1377 2250 1488 2288 iacet.

536 2315 622 2352 Lux
652 2315 750 2364 perit
778 2327 802 2352 a
831 2314 971 2353 Phebo
1000 2315 1200 2352 stellarum
1230 2315 1380 2352 lumine
1409 2328 1532 2363 verso,

536 2376 589 2414 Et
620 2377 711 2414 sinit
740 2377 917 2426 eclipsim
947 2376 1107 2415 subdita
1136 2377 1228 2414 luna
1258 2389 1382 2415 suam.

536 2442 655 2479 Nunc
685 2454 814 2480 nouus
845 2449 902 2480 est
933 2443 1060 2489 Arius,
1092 2454 1220 2479 nouus
1250 2449 1308 2480 est
1337 2443 1449 2491 quasi
1481 2442 1737 2492 Iouinianus;

535 2507 643 2544 Dum
674 2507 853 2556 plantant
883 2508 1064 2554 heresim,
1096 2507 1193 2545 dant
1221 2507 1403 2545 dubitare
1433 2508 1578 2546 fidem:

535 2572 642 2610 Ecce
671 2572 778 2610 diem
808 2579 967 2611 noctem
997 2573 1146 2619 dicunt,
1177 2571 1359 2610 tenebras
1389 2585 1550 2623 quoque
1578 2574 1721 2621 lucem,

536 2636 736 2674 Iniustum
766 2644 942 2682 rectum;
982 2638 1038 2675 sic
1066 2638 1165 2687 perit
1193 2650 1313 2676 omne
1342 2637 1505 2676 bonum.

1816 699 1899 729 1240

1815 1350 1899 1382 1250

1811 1996 1897 2028 1260

1809 2651 1895 2686 ¹²70

473 2763 552 2798 Hic
585 2765 747 2801 tractat
773 2767 894 2810 quod,
920 2767 1030 2802 sicut
1054 2767 1259 2801 virtuosis
1284 2777 1416 2812 nuper
1442 2768 1486 2802 in
1512 2768 1691 2804 ecclesia
1717 2768 1894 2803 existen·

425 2822 539 2856 tibus
563 2824 789 2858 succedunt
812 2825 978 2868 viciosi,
1002 2825 1064 2860 sic
1088 2826 1131 2860 et
1153 2825 1294 2859 mundi
1316 2827 1558 2870 proceribus
1582 2827 1720 2862 omnis
1742 2827 1894 2862 milicie

982 2919 1042 2949 125
1050 2920 1063 2940 1
1090 2909 1269 2941 defunctus
1288 2910 1349 2941 DT
