2912 4368
890 745 1079 785 LIBER
1120 744 1458 785 SECUNDUS

1855 760 1907 797 95

485 869 561 904 Hic
576 870 758 913 loquitur
776 869 825 903 de
843 869 927 903 filio
948 868 1013 902 dei
1027 868 1249 902 incarnato
1268 867 1434 901 domino
1455 869 1603 902 nostro
1618 867 1740 901 Ihesu
1759 866 1907 908 Cristo,

439 938 511 971 per
530 939 649 971 quem
668 929 717 963 de
736 929 846 962 malo
865 928 908 961 in
928 929 1080 962 bonum
1098 927 1388 961 reformamur.

286 1011 411 1057 Capua
435 1009 510 1046 viii.

604 1010 722 1046 Nunc
752 1010 998 1046 incarnatum
1030 1008 1144 1046 decet
1174 1014 1211 1045 et
1242 1020 1313 1045 nos
1344 1007 1504 1045 credere
1535 1014 1682 1053 natum,

550 1077 680 1123 Quem
711 1076 878 1112 colimus
909 1075 1081 1113 Cristum
1112 1074 1343 1111 credulitate
1374 1074 1547 1111 Iliesum.

550 1141 612 1178 Sic
642 1153 741 1188 opus
772 1140 917 1188 incepit
948 1146 1073 1185 natus,
1106 1139 1155 1176 de
1186 1138 1306 1175 corde
1336 1146 1510 1187 paterno,

551 1206 613 1242 De
642 1206 791 1253 gremio
821 1205 938 1253 patris
968 1204 1073 1242 venit
1104 1204 1154 1241 ad
1183 1216 1273 1252 yma
1303 1204 1411 1240 deus.

552 1272 613 1308 De
644 1277 751 1318 patre
782 1270 982 1318 processit,
1015 1276 1071 1306 set
1103 1282 1182 1306 non
1214 1269 1263 1305 de
1294 1276 1401 1316 patre
1432 1269 1600 1315 recessit,

550 1336 613 1373 Ad
646 1336 783 1372 mundi
814 1335 976 1372 veniens
1006 1347 1104 1383 yma,
1138 1341 1194 1371 set
1224 1342 1324 1371 astra
1354 1342 1517 1381 tenens3

551 1402 714 1449 Semper
744 1400 849 1438 enim
881 1400 931 1437 de
962 1407 1069 1447 patre
1100 1399 1181 1446 fuit,
1215 1400 1286 1436 fuit
1317 1400 1355 1435 in
1386 1406 1494 1448 patre
1526 1412 1690 1448 semper,

551 1467 714 1515 Semper
743 1466 849 1514 apud
879 1472 1040 1513 patrem,
1073 1477 1163 1501 cum
1194 1472 1302 1514 patre
1332 1477 1485 1513 semper
1516 1465 1648 1502 idem:

553 1531 778 1579 Assumpsit
809 1543 967 1567 carnem
999 1530 1121 1567 faetus
1152 1542 1253 1576 caro,
1287 1541 1359 1566 nec
1390 1537 1521 1567 tamen
1553 1530 1657 1567 illam

555 1597 681 1634 Desiit
711 1608 915 1633 assumens
946 1608 1031 1632 esse
1061 1595 1168 1643 quod
1199 1602 1289 1632 ante
1320 1594 1414 1632 fuit:

553 1663 697 1699 Vnitur
727 1674 816 1699 caro
847 1661 901 1697 510
932 1660 1063 1707 verbo,
1096 1660 1204 1709 quod
1235 1660 1310 1697 sint
1342 1660 1380 1696 in
1411 1660 1549 1698 eadem

555 1729 645 1765 Hec
675 1728 756 1765 duo
787 1739 964 1775 persona,
997 1738 1109 1763 verus
1140 1725 1285 1773 vbique
1316 1725 1436 1763 deus:

556 1793 676 1841 Quod
708 1793 789 1838 fuit,
817 1793 892 1829 hoe
922 1804 1077 1840 semper
1107 1791 1259 1835 mansit,
1293 1791 1401 1839 quod
1433 1804 1512 1828 non
1544 1792 1625 1837 fuit,
1657 1791 1751 1829 illud

555 1858 724 1907 X'irginis
756 1858 794 1894 in
826 1869 941 1894 carne
972 1856 1149 1905 sumpsit,
1182 1863 1219 1893 et
1250 1856 1345 1893 illud
1376 1863 1468 1893 erat.

556 1926 630 1961 Par
659 1936 758 1972 opus
788 1923 880 1959 huie
911 1922 1018 1970 operi
1050 1934 1244 1970 nusquam
1275 1928 1525 1968 monstratur,
1557 1922 1696 1959 honori

555 1990 698 2028 Nullus
729 2001 797 2037 par
825 1988 953 2036 potuit
983 2000 1079 2034 esse,
1113 1988 1249 2034 Maria,
1282 1994 1361 2025 tuo.

558 2056 743 2093 Infirmus
774 2066 904 2100 carne,
935 2061 992 2091 set
1023 2053 1208 2090 robustus
1239 2053 1397 2098 deitate,

556 2120 686 2159 Carne
716 2119 843 2156 minor
873 2126 992 2167 patre,
1026 2131 1093 2167 par
1123 2119 1269 2156 deitate
1300 2131 1489 2155 manens:

557 2186 667 2222 Hinc
697 2185 774 2231 alit,
806 2184 898 2221 hinc
928 2184 1052 2230 alitur,
1085 2184 1177 2220 hinc
1207 2184 1341 2232 pascit,
1375 2184 1545 2232 pascitur
1576 2184 1679 2228 inde,

557 2252 667 2288 Hinc
696 2250 803 2299 regit,
836 2250 927 2286 hinc
958 2250 1111 2298 regitur,
1144 2249 1236 2285 hine
1267 2250 1415 2297 nequit,
1449 2249 1541 2286 inde
1572 2256 1722 2297 potest:

557 2317 666 2353 Hinc
696 2317 795 2353 iacet
826 2316 864 2352 in
895 2315 1006 2351 cunis
1037 2322 1075 2351 et
1104 2314 1275 2362 postulat
1306 2314 1423 2351 vbera
1454 2316 1596 2360 matris,

558 2382 667 2418 Hine
697 2387 860 2418 testatur
890 2392 980 2417 eum
1011 2380 1155 2416 celicus
1185 2379 1283 2415 ordo
1313 2379 1457 2416 deum:

560 2446 668 2482 Hine
698 2457 861 2493 presepe
892 2450 1000 2481 tenet
1029 2451 1155 2480 artum
1187 2443 1260 2480 sub
1291 2455 1462 2491 paupere
1493 2450 1610 2489 tecto,

559 2511 667 2547 Hinc
698 2510 748 2547 ad
778 2522 869 2547 eum
899 2521 1007 2557 reges
1039 2508 1172 2556 preuia
1202 2508 1312 2544 stella
1342 2508 1483 2545 trahit:

558 2577 666 2613 Hine
697 2576 790 2621 sitis,
822 2575 978 2621 esuries,
1011 2574 1181 2619 merline,
1214 2572 1324 2610 labor
1353 2580 1472 2622 atque
1502 2573 1668 2619 dolores,

558 2642 609 2678 Et
639 2640 799 2678 tandem
831 2640 957 2688 potuit
988 2639 1219 2676 sustinuisse
1249 2638 1361 2675 mori.

558 2706 722 2743 Ponitur
752 2705 791 2741 in
822 2704 953 2753 precio
983 2716 1042 2741 res
1073 2702 1360 2752 impreciabilis,
1394 2703 1479 2751 ipse

558 2771 740 2808 Proditus
769 2777 806 2808 et
837 2770 996 2807 modico
1026 2768 1210 2806 venditur
1240 2781 1303 2806 ere
1333 2768 1456 2806 deus:

558 2838 731 2884 Postque
761 2836 875 2882 salus,
908 2835 997 2880 vita,
1030 2834 1113 2872 seui
1144 2834 1330 2882 predacio
1360 2833 1546 2880 elaustri3

561 2902 661 2938 Inde
692 2900 878 2938 resurexit
907 2912 1025 2948 regna
1055 2905 1217 2948 paterna
1247 2906 1408 2947 petens:

561 2966 795 3015 Iudicioque
825 2978 907 3011 suo,
941 2965 1028 3002 finis
1059 2977 1149 3001 cum
1180 2963 1328 3001 venerit
1358 2962 1474 3009 orbis,

562 3030 762 3068 Attribuet
792 3030 944 3067 cunctis
975 3041 1052 3078 que
1082 3041 1259 3066 meruere
1290 3029 1405 3077 prius.

616 3096 680 3132 Sic
710 3095 831 3132 homo
861 3095 1067 3143 perfectus,
1101 3094 1156 3131 510
1185 3093 1379 3143 perfectus
1411 3093 1508 3129 deus
1539 3091 1655 3137 idem,

564 3160 801 3207 Exsequitur
831 3160 947 3208 plene
978 3160 1169 3209 quicquid
1201 3166 1410 3205 Vtrumque
1440 3156 1567 3193 decet.

563 3224 740 3273 Suggerit
768 3225 845 3261 hoc
874 3236 1009 3262 verum
1040 3224 1203 3261 mortale
1234 3222 1341 3271 quod
1372 3220 1489 3258 vbera
1519 3220 1657 3269 suggst,

565 3289 686 3336 Quod
716 3301 821 3326 noua
851 3290 961 3326 stella
989 3290 1086 3338 gerit
1116 3289 1286 3338 suggerit
1316 3299 1401 3324 esse
1431 3286 1578 3323 deum:

821 3399 885 3436 408
909 3398 1079 3429 resurexit
1097 3397 1190 3429 SHT
1236 3395 1420 3427 resurrexit
1439 3394 1561 3425 CEDL

1851 1740 1913 1772 ‘290

1850 1757 1866 1771 ι)

1852 2393 1916 2424 400

1856 3041 1921 3072 410
