2095 3173
430 251 511 290 234

902 237 1031 278 vox
1073 209 1433 278 CLAMANTIS

542 344 749 382 Machinat
778 343 953 389 insidias,
985 342 1035 380 de
1065 342 1210 392 quibus
1239 348 1355 392 auget
1385 354 1492 391 opes.

541 409 578 448 O
608 409 693 447 sine
721 416 817 446 tunc
846 408 982 457 requie
1011 408 1242 456 conspirans
1273 414 1390 445 nocte
1420 407 1576 456 dieque,

540 475 593 512 Vt
622 474 750 522 capiat
780 474 944 520 lucrum,
975 479 1143 522 temptat
1172 472 1318 522 vbique
1347 473 1476 510 sorum
1492 486 1502 520 3
1842 488 1903 519 140

540 541 736 588 Tuncque
766 538 908 576 domos
938 538 1136 586 domibus,
1168 551 1331 587 campos
1362 538 1487 587 iungit
1517 549 1678 587 quoque
1707 538 1868 587 campis,

539 604 670 643 Vellet
699 611 739 642 vt
768 604 843 642 hiis
871 616 940 653 per
969 616 1011 642 se
1041 604 1147 642 solus
1177 604 1217 641 in
1247 603 1344 642 orbe
1373 603 1479 642 fore:

539 670 603 708 Sic
632 670 788 719 rapiens
818 683 895 708 oua
924 671 1033 708 fouet
1062 678 1102 708 vt
1132 671 1267 720 perdix
1297 671 1435 718 aliena,

540 736 606 773 Set
636 735 687 773 de
718 735 797 774 fine
825 742 934 784 patet
965 736 1061 785 quid
1091 735 1166 774 sibi
1197 736 1289 773 iuris
1322 735 1456 774 habet.

540 801 631 849 Que
660 808 770 851 pater
799 801 839 838 in
869 801 1002 839 studio
1032 801 1204 851 quesiuit
1233 802 1296 838 vix
1325 800 1400 839 sibi
1429 813 1586 850 magno,

540 866 716 916 Dissipat
747 867 786 904 in
816 867 918 904 vicio
948 867 1050 904 filius
1080 867 1163 915 ipse
1193 867 1297 914 cit03

539 932 592 970 Et
621 944 700 981 que
728 932 866 970 fraude
895 945 966 970 sua
996 932 1154 982 sapiens
1185 932 1323 970 mundi
1354 932 1554 970 cumulata

542 997 766 1045 Strinxerat‚
798 998 872 1036 hec
902 999 1044 1036 stultus
1074 999 1177 1035 laxat
1206 997 1314 1035 abire
1343 1010 1489 1047 vagus3

539 1063 603 1101 Sic
633 1063 736 1101 male
765 1063 928 1112 quesitis
958 1076 1039 1101 non
1069 1063 1215 1113 gaudet
1245 1063 1387 1101 tercius
1417 1063 1542 1108 heres,

538 1128 607 1166 Set
636 1128 737 1177 rapit
766 1129 841 1166 hec
870 1129 1045 1166 mundus
1075 1141 1153 1178 que
1183 1129 1294 1166 dedit
1324 1129 1408 1177 ipse
1436 1128 1554 1177 prius.
1844 1142 1907 1175 150

539 1193 753 1232 Causidico
782 1195 866 1232 fore
896 1207 943 1232 ve
971 1201 1078 1243 patet
1108 1207 1155 1232 ex
1185 1194 1300 1233 dictis
1329 1195 1460 1240 Ysa'ie,

539 1260 725 1310 Namque
755 1260 921 1298 domum
951 1261 1070 1299 vidue
1099 1261 1265 1310 dissipat
1296 1261 1359 1298 ille
1391 1261 1504 1298 male.

477 1392 555 1427 Hic
593 1393 776 1436 loquitur
810 1393 860 1428 de
900 1393 1124 1427 causidicis
1160 1395 1203 1428 et
1242 1393 1463 1427 aduocatis
1503 1392 1600 1432 illis,
1642 1391 1711 1435 qui
1749 1393 1907 1435 quanto

428 1452 567 1495 plures
597 1453 697 1486 sunt
726 1452 770 1485 in
801 1461 988 1491 numero,
1017 1453 1144 1486 tanto
1175 1452 1312 1495 magis
1345 1452 1462 1486 lucra
1492 1451 1694 1486 sicientes
1722 1449 1906 1494 patriam

431 1509 649 1550 deuorant,
677 1511 719 1544 et
750 1510 852 1544 iuris
880 1510 1022 1544 colore
1051 1510 1224 1544 subtilia
1250 1510 1497 1552 plectentes,
1528 1510 1616 1545 suis
1643 1509 1821 1544 cautelis
1850 1508 1906 1542 in·

431 1570 653 1604 nocentem
680 1569 876 1613 populum
902 1569 1196 1603 formidantem
1221 1569 1467 1612 illaqueant.

311 1650 438 1699 Capm.
462 1651 513 1689 iii.

602 1650 706 1690 Cum
736 1650 880 1688 fuerint
908 1649 1041 1688 tribuli
1070 1662 1225 1687 summe
1254 1650 1412 1687 maioris
1441 1649 1580 1697 aborti,

542 1717 643 1754 Sunt
673 1715 791 1753 blada
820 1715 1008 1764 depresso
1038 1715 1140 1752 facta
1169 1715 1322 1752 minora
1352 1715 1462 1762 50103

541 1782 647 1821 Cum
677 1781 801 1830 magis
831 1786 952 1829 atque
982 1780 1061 1817 suis
1092 1780 1166 1818 Sus
1195 1779 1341 1818 fuderit
1371 1779 1491 1818 vbera
1521 1780 1634 1826 natis,

540 1847 612 1884 Est
644 1846 788 1883 macies
818 1845 947 1883 lateris
977 1845 1144 1883 macrior
1172 1852 1260 1882 acta
1289 1845 1387 1883 Suis.

541 1913 645 1951 Cum
675 1911 799 1961 magis
830 1918 868 1949 et
898 1923 1109 1949 numerum
1138 1911 1199 1949 lex
1228 1917 1346 1960 auget
1374 1910 1677 1958 causidicorum,

540 1979 648 2015 Tum
677 1976 799 2026 gemit
830 1977 869 2013 in
900 1976 1033 2025 patriis
1064 1975 1176 2025 plebs
1207 1977 1373 2025 spoliata
1402 1976 1538 2025 magis.

541 2044 595 2080 Vt
623 2041 742 2080 blada
772 2054 850 2091 que
879 2054 1007 2080 mersa
1036 2048 1187 2079 torrens
1217 2042 1457 2091 supervndat
1487 2053 1690 2090 aquarum,

540 2107 663 2145 Veliit
692 2113 730 2145 et
759 2107 924 2156 extirpat
954 2107 1146 2155 quicquid
1174 2107 1337 2145 adheret
1367 2107 1502 2153 humo,
1847 2110 1909 2143 160

542 2171 698 2211 Concio
729 2171 815 2220 lege
843 2183 961 2220 rapax
991 2171 1046 2208 sic
1076 2171 1335 2220 multiplicata
1364 2172 1536 2209 virorum

546 2238 684 2283 Lucra,
718 2236 944 2285 superficies
974 2247 1052 2285 que
1081 2242 1189 2273 tenet
1219 2236 1335 2283 orbis,
1368 2235 1497 2274 habet.

544 2303 639 2339 Non
668 2301 770 2339 valet
800 2313 886 2339 esse
916 2301 1030 2347 salus,
1062 2301 1241 2338 medicus
1272 2301 1367 2339 dum
1398 2301 1575 2338 vulnerat
1605 2312 1729 2350 egros,

542 2367 668 2405 Addit
697 2373 736 2404 et
764 2366 816 2404 ad
845 2366 1063 2415 dampnum
1093 2366 1267 2414 dampna
1296 2366 1425 2404 furore
1454 2378 1526 2403 suo
1542 2380 1551 2413 ;

543 2433 619 2479 Sic,
653 2431 717 2469 vbi
748 2431 938 2469 causidici
968 2443 1105 2469 causas
1135 2432 1220 2469 sine
1248 2431 1332 2469 iure
1361 2432 1582 2479 revomunt,

546 2499 646 2535 Esse
676 2497 787 2546 quies
817 2497 937 2546 longo
966 2504 1146 2546 tempore
1174 2503 1280 2534 certa
1309 2497 1457 2545 nequit.

549 2564 649 2601 Sunt
679 2563 732 2600 ita
761 2562 951 2600 continua
980 2560 1227 2612 presentibus
1257 2562 1329 2599 ista
1358 2562 1511 2609 diebus,

544 2629 620 2665 Vix
649 2635 689 2666 vt
717 2627 768 2666 ab
798 2628 875 2666 hoc
905 2627 1046 2665 morbo
1075 2640 1193 2665 sanus
1222 2627 1348 2665 abibit
1377 2628 1510 2666 homo.

546 2692 678 2730 Aurea
708 2693 804 2731 dum
834 2693 939 2742 leges
970 2693 1060 2730 lanx
1088 2692 1292 2742 ponderat,
1324 2704 1426 2741 equa
1456 2699 1598 2731 statera

549 2759 641 2796 Non
672 2758 754 2804 erit,
786 2758 862 2796 hoc
892 2765 931 2796 et
960 2770 1060 2807 opus
1090 2758 1172 2795 iura
1201 2757 1392 2795 moderna
1421 2758 1578 2796 docent.
1847 2767 1910 2802 170

602 2823 803 2870 Scribitur,
834 2836 878 2861 os
907 2824 990 2861 auri
1021 2823 1288 2862 Crisostomus
1319 2823 1401 2872 ipse
1430 2823 1590 2873 gerebat
1605 2836 1615 2870 3

1013 2908 1075 2939 149
1100 2897 1185 2939 non]
1203 2898 1259 2928 vix
1277 2898 1338 2930 CD
