2095 3173
270 1579 399 1628 Capm.

418 243 500 281 266
895 240 1025 281 VOX
1066 237 1427 281 CLAMANTIS

527 347 572 387 Si
602 347 688 386 tibi
718 346 983 385 subiectum
1013 345 1175 394 cupias
1205 351 1479 383 conuertere
1508 356 1709 394 regnum,

526 414 592 451 Te
622 412 749 462 prius
779 412 824 448 in
854 410 1012 449 Cristo
1040 409 1113 447 fac
1142 410 1355 448 revenire
1384 409 1496 448 deo:
1807 423 1892 457 1190

528 480 734 526 Postque
762 482 891 513 tuum
920 475 1145 525 populum
1174 475 1394 514 stabilem
1423 474 1511 513 tibi
1539 473 1837 524 pacificatum

528 543 632 580 Non
663 542 765 580 vice
794 541 988 579 terroris
1018 541 1089 579 fae
1118 547 1187 579 set
1216 552 1372 578 amore
1401 539 1555 589 magis.

528 606 684 656 Cor-da
712 612 790 644 tue
819 605 972 656 plebis
1003 606 1065 644 ita
1095 606 1202 644 dum
1232 605 1474 655 pacienter
1503 603 1712 650 habebis,

528 670 719 710 Nobilis
749 671 796 708 in
825 683 969 720 regno
999 669 1146 708 stabis
1175 670 1348 720 vbique
1378 675 1484 709 tuo:

528 739 746 786 Dumque
775 742 879 774 tuas
906 736 1034 785 leges
1064 737 1232 774 mixtas
1261 737 1439 785 pietate
1467 732 1711 785 gubernes,

528 802 711 842 Cuncta
740 808 818 840 tue
846 802 975 840 laudi
1004 808 1134 851 gesta
1163 802 1376 840 feruntur
1404 800 1481 839 ibi.

528 867 575 906 Si
603 874 758 906 tamen
788 873 983 905 econtra
1012 866 1192 916 rigidus
1221 873 1299 904 tua
1328 865 1522 904 verteris
1551 870 1664 911 acta,

529 933 693 972 Vertet
723 944 770 971 se
799 932 1002 983 populus
1024 931 1110 981 qui
1140 931 1260 970 solet
1290 943 1392 970 esse
1421 937 1537 969 tuus.

530 1000 632 1038 Hec
661 998 758 1046 tibi,
781 1011 868 1046 rex,
892 997 1047 1036 scribo
1077 1009 1161 1047 pro
1190 1003 1403 1046 tempore
1433 1008 1555 1033 nunc
1585 1007 1673 1045 que
1702 995 1885 1042 futuro,

528 1065 719 1114 Semper
748 1064 794 1101 in
825 1062 1046 1112 ambiguo
1076 1074 1176 1100 sors
1204 1061 1405 1100 variatur
1434 1061 1585 1098 humo.
1812 1075 1898 1096 1200

470 1203 602 1248 Quia,
628 1204 775 1247 prout
799 1201 853 1237 de
879 1201 1119 1236 communi
1137 1210 1266 1247 ¹voce
1293 1198 1529 1240 audistis,
1553 1198 1896 1233 modernorum

422 1262 749 1298 condiciones
784 1271 867 1305 per
899 1260 1188 1296 vniuersum
1223 1261 1390 1295 orbern
1430 1258 1687 1294 erroribus
1720 1257 1898 1300 vbique

422 1322 835 1362 mutantur‚nunc
861 1319 915 1354 de
941 1319 1140 1353 illorum
1166 1317 1550 1353 condicionibus
1576 1316 1773 1360 quinos
1799 1325 1895 1359 pre-

423 1381 696 1421 cesserunt,
731 1379 967 1423 precipue
1000 1379 1049 1412 in
1082 1377 1316 1419 ecclesia,
1349 1387 1439 1421 que
1473 1376 1570 1410 iam
1602 1375 1769 1410 diuisa
1808 1375 1898 1414 est,

423 1437 775 1472 diuersitatem
816 1437 903 1471 sub
943 1436 1184 1480 exemplis
1225 1436 1489 1479 figuratam
1528 1434 1898 1476 consequenter

424 1495 692 1530 videamus.

425 1577 498 1615 xix.
587 1577 712 1614 Poma
741 1575 889 1613 cadunt
919 1575 1047 1621 ramis,
1080 1574 1276 1624 agitantur
1304 1572 1355 1612 ab
1387 1573 1483 1611 Ilice
1511 1573 1686 1622 glandes,

534 1642 787 1679 Marcescunt
818 1640 943 1687 flores,
976 1640 1113 1678 defluit
1143 1647 1227 1677 orta
1257 1651 1391 1689 seges:

532 1760 597 1800 Sic
625 1767 692 1799 tua
721 1773 928 1810 processus
958 1761 1103 1799 habeat
1132 1761 1289 1798 fortuna
1318 1761 1552 1809 perhennes,

533 1827 587 1864 Vt
615 1826 793 1864 recolant
822 1826 962 1864 laudes
994 1826 1126 1863 secula
1153 1832 1300 1863 cuncta
1329 1832 1430 1863 tuas.
1790 1822 1895 1872 1190*

588 1891 654 1929 Ad
683 1891 806 1929 decus
837 1891 1001 1940 imperii,
1034 1891 1134 1937 Rex,
1166 1891 1240 1928 ista
1269 1889 1326 1928 tui
1355 1897 1480 1928 metra
1509 1889 1645 1939 scripsi

534 1957 679 1995 Seruus
709 1967 783 2005 ego
814 1956 944 2005 Regni
973 1962 1180 2005 promptus
1210 1957 1361 1994 honore
1389 1955 1472 1993 tibi.

535 2023 626 2060 Hec
655 2020 727 2059 tibi
757 2033 845 2071 que,
877 2022 941 2070 pie
972 2023 1068 2068 Rex,
1101 2020 1240 2059 humili
1270 2022 1320 2059 de
1349 2021 1469 2059 corde
1498 2020 1643 2070 paraui,

535 2087 686 2136 Scripta
716 2092 783 2124 tue
812 2087 919 2125 laudi
949 2088 1106 2136 suscipe
1134 2087 1241 2125 dona
1270 2087 1359 2125 dei:

537 2152 631 2190 Non
661 2158 720 2190 est
750 2152 823 2189 ista
853 2164 941 2189 mea
970 2158 1124 2189 tantum
1154 2152 1344 2199 doctrina,
1378 2151 1448 2189 sed
1478 2151 1561 2189 eius

536 2215 619 2264 Qui
648 2217 778 2263 docet,
811 2223 849 2254 et
878 2216 1027 2255 dociles
1058 2217 1164 2255 solus
1194 2216 1244 2254 ab
1275 2229 1342 2254 ore
1371 2223 1488 2254 creat.

538 2282 575 2320 O
605 2281 780 2319 iuuenile
810 2281 946 2329 decus,
975 2282 1058 2319 laus
1089 2282 1225 2331 Regia,
1258 2282 1330 2319 flos
1358 2293 1581 2330 puerorum,

537 2348 591 2384 Vt
619 2347 728 2385 valor
757 2352 815 2385 est
845 2347 883 2384 in
914 2353 964 2394 te,
995 2347 1051 2384 sic
1080 2346 1151 2385 tibi
1180 2345 1271 2385 dico
1301 2347 1396 2384 vale.

477 2431 561 2471 1189
585 2431 615 2462 O
632 2431 688 2470 qui
706 2430 898 2462 subiectum
914 2431 1043 2471 poteris
1059 2430 1118 2461 tibi
1135 2431 1273 2461 flectere
1291 2440 1435 2469 regnum
1454 2429 1487 2459 H
1542 2429 1572 2460 O
1590 2439 1693 2468 quam
1711 2428 1899 2459 subiectum

432 2484 561 2523 poteris
579 2484 638 2514 tibi
654 2484 791 2514 flectere
808 2493 951 2523 regnum
968 2483 1025 2514 CE
1176 2493 1261 2522 1190
1286 2482 1322 2513 Si
1347 2481 1440 2521 prius
1464 2482 1498 2512 in
1524 2482 1651 2511 mundo
1668 2481 1716 2512 sis
1732 2481 1808 2521 pius
1826 2481 1899 2521 ipse

431 2537 497 2567 deo
513 2536 539 2566 C

476 2588 560 2628 Cap.
585 2588 655 2620 xix.
679 2587 839 2629 Heading
861 2587 928 2619 Hic
953 2587 1152 2627 recapitulat
1174 2586 1423 2626 quodammodo
1446 2586 1508 2617 sub
1533 2586 1649 2625 figuris
1674 2590 1708 2616 et
1733 2585 1900 2625 exemplis

433 2644 500 2670 tarn
524 2640 652 2671 veteris
675 2650 776 2679 quam
800 2641 881 2670 noui
904 2640 1115 2679 testamenti,
1142 2639 1177 2669 in
1205 2638 1326 2677 quibus
1354 2638 1531 2678 pretendit
1559 2638 1649 2677 quod
1679 2647 1795 2668 eorum
1822 2637 1898 2667 loco

434 2692 490 2731 qui
523 2692 557 2722 in
588 2692 680 2722 omni
708 2692 888 2723 sanctitate
915 2691 1026 2731 legem
1053 2691 1109 2722 dei
1136 2695 1170 2721 et
1199 2691 1300 2721 fidem
1326 2690 1428 2721 Cristi
1456 2690 1611 2730 primitus
1638 2693 1900 2728 augmentantes

436 2744 623 2774 Ecclesiam
653 2744 821 2783 colebant,
847 2748 881 2775 et
904 2755 923 2775 a
947 2744 1004 2774 diu
1029 2743 1153 2774 mortui
1177 2748 1267 2781 sunt,
1292 2743 1357 2773 iam
1382 2748 1564 2782 resurgunt
1587 2742 1642 2773 alii
1666 2742 1830 2782 precipue
1855 2742 1897 2772 de

434 2795 549 2834 Clero,
574 2796 630 2835 qui
652 2796 742 2826 illam
760 2796 852 2827 omni
869 2796 1034 2827 viciorum
1051 2795 1270 2827 multitudine
1287 2795 1494 2827 suffocantes
1518 2798 1739 2834 corrumpunt
1757 2793 1898 2824 DLTH2

435 2847 511 2889 <but
525 2848 839 2888 multitudinemfor
850 2848 1081 2889 multitudine)

483 2899 584 2940 1189*
607 2910 771 2940 perennes
789 2900 820 2930 D
