2095 3173
424 246 474 284 74

890 232 1019 273 VOX
1061 231 1421 273 CLAMANTIS

531 340 623 388 Que
652 339 773 387 dedit,
805 339 910 377 vnde
941 339 1058 376 maris
1087 338 1190 375 victa
1219 337 1392 387 procella
1420 337 1532 374 silet!

531 407 636 444 Nam
665 405 764 443 deus
795 411 834 442 vt
862 404 997 450 voluit,
1029 403 1117 452 plus
1146 403 1243 441 dum
1273 402 1363 440 furit
1391 402 1549 452 equoris
1578 401 1693 448 vnda,

530 472 651 510 Grata
680 469 963 518 superveniens
992 469 1090 506 hora
1118 468 1253 506 salutis
1283 468 1406 506 adest.

531 534 654 585 Quod
681 535 782 574 deus
812 534 895 582 ipse
926 545 1035 571 suam
1066 545 1138 582 pro
1167 540 1346 582 tempore
1376 532 1527 571 distulit
1557 532 1665 578 iram,

530 600 651 638 Vocis
680 598 731 637 ab
762 598 919 636 excelso
948 599 1110 648 protulit
1140 598 1214 636 ista
1243 610 1365 636 sonus
1381 611 1391 645 ;

530 665 644 702 Aeris
673 676 695 702 e
725 663 859 701 medio
889 663 1026 701 diuina
1054 675 1153 702 voce
1181 663 1349 701 relatum

529 731 647 767 Tunc
675 736 757 767 erat
785 736 823 766 et
853 729 995 767 nostris
1023 728 1184 766 auribus
1214 729 1286 766 ista
1315 727 1454 766 refert:
1811 731 1896 774 1890

532 795 651 842 Dixit,
687 795 853 832 ‘Adhuc
882 794 1086 832 modicum
1115 802 1234 832 restat
1263 794 1385 831 michi
1413 801 1582 842 tempus,
1614 799 1653 830 et
1682 804 1776 831 ecce

532 861 684 899 Differo
715 860 906 898 iudicium
936 872 1028 896 curn
1059 859 1206 908 pietate
1235 860 1394 897 meum.'

531 926 633 965 Cilla
661 938 731 975 per
761 925 837 962 hoc
865 924 1031 963 verbum
1061 924 1223 974 paciens
1253 924 1448 962 restrinxit
1477 923 1641 970 hiatum,

531 991 655 1041 Quod
684 990 791 1040 prius
821 990 1001 1028 exhausit
1030 990 1209 1039 protinus
1239 989 1305 1027 illa
1333 989 1457 1027 vomit
1472 1003 1482 1037 ;
1523 1037 1541 1051 1

531 1057 676 1106 Sicque
706 1054 868 1093 iubente
899 1055 976 1093 deo
1006 1055 1130 1101 nauis,
1163 1067 1282 1104 quam
1313 1066 1407 1092 seua
1437 1066 1581 1103 vorago

531 1122 701 1168 Sorbuit‚
735 1121 894 1170 erigitur
923 1121 1082 1169 equoris
1111 1121 1189 1158 alta
1217 1128 1382 1159 tenens:

531 1187 596 1226 Sic
625 1188 731 1236 prius
760 1192 938 1224 austerus
969 1192 1045 1223 stat
1074 1185 1148 1223 sub
1177 1185 1451 1224 moderamine
1480 1192 1624 1232 motus,

531 1253 685 1290 Tantus
715 1251 851 1289 celesti
881 1251 988 1288 venit
1017 1250 1069 1288 ab
1099 1263 1166 1289 ore
1196 1251 1326 1300 vigor:

532 1318 583 1356 Et
613 1318 691 1355 iam
721 1317 911 1355 deficiens
941 1317 998 1354 sic
1026 1316 1078 1354 ad
1106 1328 1178 1354 sua
1206 1315 1326 1354 verba
1354 1316 1488 1363 reuixi,

532 1385 586 1421 Vt
615 1383 717 1421 solet
747 1382 879 1420 infuso
908 1394 1009 1420 vena
1038 1382 1165 1420 redire
1195 1394 1318 1420 mero.
1813 1395 1898 1429 1900

587 1448 852 1487 Conclamant
882 1454 1011 1494 naute,
1044 1454 1206 1496 surgunt
1235 1447 1378 1496 pariter
1406 1452 1698 1496 properantque

533 1512 714 1562 Quilibet
744 1513 918 1551 officium
948 1512 1156 1550 fortificare
1186 1525 1328 1550 suum:

534 1579 599 1616 Sic
628 1578 730 1616 inter
759 1577 937 1615 medium
967 1577 1046 1615 vite
1075 1577 1293 1626 mortisque
1322 1577 1536 1615 reformant

536 1643 720 1690 Cursum,
753 1655 834 1691 quo
864 1641 1036 1680 breuiter
1064 1643 1193 1680 tucius
1224 1643 1278 1680 ire
1307 1649 1473 1691 putant:

535 1708 729 1757 Exiguam
759 1707 846 1754 veli,
877 1719 956 1756 que
985 1713 1081 1744 tunc
1109 1714 1243 1745 tamen
1272 1707 1423 1756 integra
1452 1707 1608 1754 mansit,

536 1774 740 1811 Extollunt
770 1779 932 1822 partem,
964 1773 1084 1810 ducat
1113 1780 1153 1810 vt
1182 1773 1266 1822 ipsa
1295 1780 1432 1810 ratem.

533 1840 663 1876 Tanta
693 1838 735 1876 fit
765 1838 959 1887 ingluuies
989 1844 1028 1875 et
1057 1850 1250 1887 aquarum
1279 1838 1406 1875 fluxus
1436 1837 1684 1884 habundans,

534 1905 612 1941 Vix
639 1904 750 1953 quod
780 1903 935 1941 sedatas
965 1910 1066 1941 terra
1094 1897 1304 1953 resumpsit
1332 1915 1479 1952 aquas:

535 1970 604 2008 Set
633 1982 741 2008 mare
770 1969 839 2018 qui
868 1968 1038 2018 pedibus
1067 1969 1235 2007 calcauit
1264 1969 1304 2006 in
1333 1969 1429 2007 orbe
1459 1969 1653 2016 misertus,

537 2035 712 2073 Horrida
741 2046 1001 2084 compescens
1030 2042 1210 2084 tempora
1239 2035 1317 2073 leta
1345 2034 1481 2073 dedit:
1815 2048 1900 2082 1910

538 2101 699 2149 Equora
728 2100 960 2137 constrinxit
989 2100 1143 2149 celique
1172 2100 1366 2138 foramina
1394 2100 1544 2145 clausit,

535 2166 586 2202 Et
615 2165 746 2202 minus
776 2165 891 2201 iratas
921 2165 1062 2202 cedere
1091 2165 1202 2202 iussit
1229 2177 1375 2214 aquas:

540 2230 699 2268 Nebula
727 2230 871 2268 deiecit
901 2229 1046 2268 nimbis
1075 2231 1262 2279 aquilone
1291 2230 1465 2274 remotis,

538 2296 624 2334 Nec
653 2295 780 2345 fragor
807 2295 966 2333 vlterius
995 2307 1092 2333 voce
1121 2302 1284 2334 tonante
1313 2295 1427 2333 furit:

538 2360 709 2409 Equoris
738 2366 844 2398 arcet
872 2372 1005 2409 aquas,
1038 2359 1149 2399 iubet
1176 2367 1217 2398 vt
1246 2360 1295 2398 sit
1325 2360 1515 2398 terminus
1545 2360 1630 2407 illis,

538 2426 602 2463 Ne
631 2425 748 2462 maris
778 2425 975 2462 infirmam
1004 2425 1092 2474 plus
1121 2431 1219 2464 terat
1249 2425 1304 2462 ira
1333 2432 1468 2463 ratem.

537 2491 656 2528 Tunc
684 2491 770 2528 celo
799 2497 919 2528 terras
949 2491 1123 2529 ostendit
1152 2497 1190 2529 et
1219 2491 1354 2529 ethera
1383 2491 1504 2537 terris,

539 2555 591 2593 Et
619 2555 747 2604 pelagi
777 2555 894 2594 furias
923 2556 1075 2605 pescuit
1104 2556 1188 2605 ipse
1217 2556 1340 2595 feras:

539 2621 656 2658 Tunc
685 2621 773 2658 loca
801 2629 1072 2669 concrescunt,
1104 2622 1196 2671 quia
1225 2621 1547 2659 decrescentibus
1576 2622 1691 2660 vndis

541 2686 621 2722 Pax
649 2686 760 2733 redit,
792 2694 912 2736 atque
941 2687 1074 2737 probis
1103 2688 1146 2725 fit
1175 2694 1363 2725 renouata
1392 2687 1508 2725 salus.
1813 2703 1898 2736 1920

596 2751 723 2788 Fusca
751 2760 959 2802 repurgato
989 2752 1191 2802 fugiebant
1220 2752 1384 2790 numina
1412 2753 1510 2799 celo,

541 2816 572 2852 F
576 2815 665 2853 ulsit
693 2823 732 2854 et
760 2824 895 2866 optata
923 2818 1061 2856 clarior
1089 2818 1153 2855 illa
1181 2817 1266 2855 dies
1281 2831 1291 2864 3

542 2880 719 2930 Ortaque
748 2881 814 2919 lux
843 2883 961 2921 radiis
991 2883 1162 2921 solidum
1191 2882 1428 2933 patefecerat
1457 2881 1606 2930 orbem,
