2121 3173
72 2887 136 2925 278
152 2885 265 2927 Tunc]
283 2885 340 2917 Sic
357 2884 475 2916 CHHs

569 228 863 270 SECUNDA
895 228 1049 270 PARS

182 334 247 372 Ad
276 334 403 384 regale
432 335 534 373 latus
565 335 727 374 tandem
756 334 828 373 fuit
857 334 1115 385 illaqueatus!

180 399 356 438 Tramite
385 399 519 438 subtili
548 400 704 438 latitans
733 402 821 450 plus
850 402 967 451 vulpe
997 399 1110 439 senili

180 465 268 503 Rex
296 466 429 504 studet
457 464 498 503 in
527 466 605 504 fine
634 467 833 504 Thomam
863 473 1056 516 prostrare
1084 464 1206 503 ruine.

182 530 244 568 De
273 529 396 568 tribus
424 530 599 578 audistis,
630 543 722 569 cum
751 544 817 568 rex
846 532 972 568 scelus
1001 529 1132 568 intulit
1160 529 1253 577 istis,

179 596 316 633 Presul
345 602 385 633 vt
413 595 570 634 adiutor
598 595 670 633 fuit
699 595 773 633 hiis
802 597 1104 645 quodammodo
1134 603 1250 642 tutor,

180 661 275 698 Non
303 667 440 698 contra
469 661 606 710 legem,
638 667 696 699 set
725 660 776 698 ab
805 659 861 699 ira
889 662 1046 699 flectere
1075 673 1207 710 regem

180 725 355 764 Nomine
386 725 552 776 pastoris
581 732 842 776 temptauerat
871 725 1056 764 omnibus
1085 725 1218 764 horis:

180 792 344 842 Semper
372 799 453 831 erat
482 791 580 839 talis,
612 798 730 830 restat
759 793 857 830 dum
887 804 976 842 spes
1005 790 1196 841 aliqualis,

180 856 220 894 Si
250 865 387 896 contra
416 865 584 896 mortem
613 864 766 907 poterat
795 858 968 894 saluasse
997 857 1215 894 cohortem.

181 923 268 961 Rex
297 923 384 961 tulit
414 924 490 961 hoc
520 922 638 970 triste,
670 922 763 972 quia
793 921 1060 962 Cancellarius
1090 921 1163 960 iste

180 988 379 1039 Tempore
408 1003 488 1039 quo
518 989 646 1027 stabat
676 989 748 1026 hos
778 995 855 1026 tres
885 995 1112 1026 constanter
1140 987 1324 1034 amabat,

180 1052 244 1091 Sic
273 1061 501 1104 procurator
530 1053 617 1104 pius
646 1052 771 1091 extitit
797 1060 835 1091 et
865 1051 1069 1099 mediator,

180 1118 317 1157 Cartas
347 1120 457 1169 quod
487 1118 607 1168 Regis
637 1118 860 1156 habuerunt
890 1131 1052 1156 munere
1081 1117 1187 1168 legis.

180 1183 384 1223 Pontificis
414 1198 523 1223 more
553 1183 698 1222 summi
727 1196 798 1233 pro
827 1182 926 1233 regis
955 1196 1090 1221 amore

179 1249 243 1287 Sic
273 1263 412 1300 pacem
443 1249 572 1297 mittit,
604 1248 739 1288 mortis
769 1248 1025 1299 gladiumque
1054 1248 1242 1287 remittit:

181 1316 271 1353 Hec
301 1314 354 1353 ita
383 1314 549 1362 fecisset,
581 1322 742 1365 pactum
773 1313 805 1352 si
833 1328 900 1352 rex
929 1313 1130 1361 tenuisset,

179 1380 245 1417 Set
275 1393 352 1430 que
382 1379 523 1418 iurauit
553 1379 684 1427 hodie,
716 1393 800 1417 cras
829 1379 948 1417 verba
977 1379 1146 1429 negauit.

180 1446 339 1500 Cernite
368 1460 439 1497 pro
469 1446 576 1497 quali
605 1448 721 1496 culpa
750 1445 873 1495 magis
903 1445 943 1483 in
973 1445 1133 1497 speciali

178 1506 362 1550 Pon'tifici
391 1512 458 1550 tali
487 1511 571 1551 sine
601 1525 719 1550 causa
748 1510 937 1549 materiali

178 1578 265 1615 Rex
293 1577 365 1616 fuit
393 1577 523 1624 iratus,
555 1585 614 1616 set
643 1584 681 1616 et
709 1578 830 1615 altera
858 1590 977 1615 causa
1005 1584 1134 1615 reatus

178 1643 250 1680 Est
278 1644 365 1693 plus
395 1650 554 1690 secreta,
586 1650 681 1681 tunc
711 1644 842 1681 Rome
872 1643 1034 1692 quando
1064 1649 1225 1680 moneta

178 1707 350 1746 Simonis
379 1721 426 1746 ex
454 1716 564 1758 parte
592 1721 737 1758 papam
766 1706 970 1746 concludit
998 1706 1039 1744 in
1067 1715 1160 1745 arte.

179 1774 284 1811 Ecce
314 1786 383 1823 per
411 1774 481 1811 has
511 1786 647 1811 causas
678 1773 753 1811 sub
782 1772 880 1822 regis
910 1780 1071 1822 pectore
1100 1774 1253 1811 clausas

178 1839 274 1876 Hoc
303 1839 430 1876 scelus
460 1837 607 1876 obiecit
635 1838 804 1883 Thome,
837 1836 905 1887 qui
936 1836 991 1875 nil
1021 1839 1123 1875 male
1152 1837 1255 1876 fecit.

180 1902 299 1952 Regis
330 1903 501 1940 fautores
531 1915 648 1952 super
676 1903 754 1940 hoc
784 1909 917 1939 tamen
946 1901 1160 1940 anteriores

180 1966 399 2006 Fraudibus
429 1967 638 2005 obtentum
667 1968 912 2006 concludunt
941 1966 1271 2017 parliamentum3

178 2032 242 2071 Sic
272 2033 322 2071 de
351 2031 457 2070 finali
485 2046 552 2070 rex
578 2034 756 2083 pondere
783 2031 957 2071 iudiciali

179 2097 307 2135 Exilio
336 2097 461 2136 demit
488 2098 699 2145 Thomam,
728 2111 803 2136 nec
830 2110 965 2137 amore
994 2097 1188 2137 redemit:

179 2163 242 2201 Sic
272 2170 382 2213 pater
409 2162 561 2212 absque
590 2176 692 2213 pare,
725 2175 845 2212 quem
874 2176 940 2201 rex
968 2162 1152 2213 spoliauit
1180 2176 1308 2210 auare,

180 2230 312 2266 Partes
341 2227 494 2278 ignotas
523 2235 618 2266 tune
647 2227 774 2278 querit
803 2228 948 2267 habere
977 2236 1158 2267 remotas.

177 2295 293 2331 Tunc
322 2292 409 2343 pius
438 2292 614 2331 Antistes
644 2306 757 2332 casus
786 2307 857 2344 pro
886 2301 1064 2344 tempore
1093 2293 1221 2332 tristes

179 2357 363 2405 Sustinet,
395 2365 433 2396 et
462 2371 597 2396 curam
626 2365 755 2409 sperat
784 2372 969 2398 reuocare
998 2360 1193 2397 futuram:

179 2423 330 2463 Cristus
360 2436 451 2461 eum
480 2424 609 2471 ducat,
641 2425 765 2462 saluet
794 2437 871 2474 que
900 2425 1025 2462 salute
1053 2425 1226 2471 reducat,

185 2488 249 2526 Sic
278 2495 319 2526 vt
347 2495 508 2538 vterque
538 2496 661 2527 status
691 2489 740 2527 sit
769 2488 806 2528 ei
834 2502 926 2527 cum
956 2490 1074 2528 laude
1103 2490 1254 2527 beatus.

235 2553 272 2591 O
301 2553 424 2599 dolor,
455 2554 532 2591 hoc
560 2567 666 2592 anno
696 2567 776 2603 quo
805 2553 928 2592 creuit
956 2567 1104 2604 pompa
1132 2553 1310 2592 tiranno!

181 2616 261 2667 Qui
291 2618 405 2664 ferus,
436 2624 476 2655 vt
504 2616 610 2665 dicit,
642 2618 766 2657 voluit
795 2632 896 2669 quos
925 2618 1093 2665 vincere,
1125 2618 1228 2656 vicit.

182 2681 290 2717 Dum
319 2680 446 2717 scelus
475 2680 552 2717 hoc
580 2688 708 2728 restat,
739 2694 856 2731 super
884 2694 1023 2719 omnes
1052 2688 1128 2719 tres
1157 2679 1390 2727 manifestat,

180 2746 243 2784 De
273 2743 416 2794 quibus
445 2743 486 2781 in
514 2752 630 2794 gente
659 2753 734 2783 stat
762 2759 837 2784 vox
865 2745 1011 2783 variata
1038 2753 1223 2796 repente:

180 2809 356 2858 Quidam
385 2808 596 2857 constricti,
628 2809 790 2859 quidam
820 2811 871 2849 de
900 2823 1063 2849 munere
1092 2809 1185 2848 victi

600 2885 664 2925 284
681 2886 816 2928 margin
832 2886 996 2927 precipue
1013 2897 1079 2918 om.
1097 2886 1161 2918 CH

1482 480 1544 513 ²50

1481 1122 1543 1155 260

1478 1787 1541 1819 ²70

1478 2431 1538 2462 280

1282 2887 1346 2926 285
1362 2886 1489 2918 variate
1507 2886 1534 2918 C

1565 242 1644 282 327

1561 353 1629 382 que
1666 344 1808 383 insuper
1847 344 1974 384 absque

1562 386 1630 417 vllo
1678 388 1794 418 mundi
1843 389 1974 419 releua-

1562 430 1664 470 mine,
1683 431 1793 462 solum
1811 432 1909 462 deum
1924 442 1975 463 re-

1563 474 1713 505 clamans
1737 475 1817 505 exul
1842 480 1875 506 et
1893 486 1974 515 pau-

1562 528 1625 557 per
1635 518 1677 549 ab
1688 518 1813 558 Anglia
1820 520 1970 550 recessit.

1607 578 1675 609 Hic
1687 579 1838 611 declarat
1849 580 1977 619 aliqua-

1563 622 1640 653 liter
1667 623 1831 662 figmenta
1859 634 1975 654 causa-

1562 676 1810 706 rum,perquas
1819 668 1976 707 pontifex

1561 711 1778 749 supradictus
1805 722 1825 742 a
1854 711 1976 750 parlia-

1563 758 1679 784 mento
1724 758 1805 785 tunc
1849 755 1974 786 absens

1563 802 1682 828 contra
1710 808 1846 828 omnem
1883 798 1976 829 iusti-

1563 841 1705 879 ciam,vt
1716 842 1869 880 audistis,
1882 842 1975 873 exilii

1562 886 1775 916 sentenciam
1793 886 1835 916 ab
1852 886 1976 926 impro-

1562 929 1637 960 uiso
1653 930 1751 968 quasi
1768 930 1905 961 nescius
1927 930 1975 961 in-

1562 973 1729 1005 currebat.

1604 2621 1671 2652 Hic
1691 2625 1806 2652 narrat
1827 2621 1971 2661 qualiter

1557 2664 1614 2695 vix
1628 2675 1715 2695 vnus
1728 2670 1786 2696 aut
1799 2665 1842 2695 de
1860 2670 1968 2696 morte

1556 2714 1614 2739 aut
1625 2709 1667 2739 de
1679 2708 1794 2747 exilio,
1805 2710 1969 2748 precipue

1557 2752 1657 2783 trium
1666 2762 1844 2792 procerum
1853 2763 1969 2792 supra-

1556 2796 1734 2837 dictorum,
1748 2796 1885 2836 aliquod
1897 2807 1967 2828 ver-
