<?xml version="1.0" encoding="UTF-8"?>
<!DOCTYPE html PUBLIC "-//W3C//DTD XHTML 1.0 Transitional//EN"
    "http://www.w3.org/TR/xhtml1/DTD/xhtml1-transitional.dtd">
<html xmlns="http://www.w3.org/1999/xhtml" xml:lang="en" lang="en">
 <head>
  <title>
</title>
<meta http-equiv="Content-Type" content="text/html;charset=utf-8" />
  <meta name='ocr-system' content='tesseract 3.04.00' />
  <meta name='ocr-capabilities' content='ocr_page ocr_carea ocr_par ocr_line ocrx_word'/>
</head>
<body>
  <div class='ocr_page' id='page_1' title='image "./completeworksofj04gowe_0401.png"; bbox 0 0 2095 3173; ppageno 0'>
   <div class='ocr_carea' id='block_1_1' title="bbox 0 0 54 2976">
    <p class='ocr_par' dir='ltr' id='par_1_1' title="bbox 0 0 54 2976">
     <span class='ocr_line' id='line_1_1' title="bbox 0 0 54 2976; baseline 0 0"><span class='ocrx_word' id='word_1_1' title='bbox 0 0 54 2976; x_wconf 95' lang='lat' dir='ltr'> </span> 
     </span>
    </p>
   </div>
   <div class='ocr_carea' id='block_1_2' title="bbox 658 232 1661 289">
    <p class='ocr_par' dir='ltr' id='par_1_2' title="bbox 658 232 1661 289">
     <span class='ocr_line' id='line_1_2' title="bbox 658 232 1661 289; baseline -0.002 -16"><span class='ocrx_word' id='word_1_2' title='bbox 658 233 844 274; x_wconf 85' lang='lat' dir='ltr'>LIBER</span> <span class='ocrx_word' id='word_1_3' title='bbox 886 232 1199 273; x_wconf 84' lang='lat' dir='ltr'>SEPTIMUS</span> <span class='ocrx_word' id='word_1_4' title='bbox 1414 283 1419 289; x_wconf 31' lang='grc' dir='ltr'>ι</span> <span class='ocrx_word' id='word_1_5' title='bbox 1581 246 1661 284; x_wconf 81' lang='lat'>293</span> 
     </span>
    </p>
   </div>
   <div class='ocr_carea' id='block_1_3' title="bbox 305 339 1660 714">
    <p class='ocr_par' dir='ltr' id='par_1_3' title="bbox 306 339 1433 390">
     <span class='ocr_line' id='line_1_3' title="bbox 306 339 1433 390; baseline -0.002 -12"><span class='ocrx_word' id='word_1_6' title='bbox 306 341 372 379; x_wconf 90' lang='lat' dir='ltr'>Nil</span> <span class='ocrx_word' id='word_1_7' title='bbox 401 340 474 379; x_wconf 84' lang='lat' dir='ltr'>sibi</span> <span class='ocrx_word' id='word_1_8' title='bbox 503 341 637 390; x_wconf 89' lang='lat' dir='ltr'>pulcra</span> <span class='ocrx_word' id='word_1_9' title='bbox 666 341 809 378; x_wconf 90' lang='lat' dir='ltr'>domus</span> <span class='ocrx_word' id='word_1_10' title='bbox 838 346 905 378; x_wconf 88' lang='lat' dir='ltr'>aut</span> <span class='ocrx_word' id='word_1_11' title='bbox 934 339 1143 378; x_wconf 89' lang='lat' dir='ltr'>seruicium</span> <span class='ocrx_word' id='word_1_12' title='bbox 1172 339 1433 386; x_wconf 84' lang='lat' dir='ltr'>famulorum3</span> 
     </span>
    </p>

    <p class='ocr_par' dir='ltr' id='par_1_4' title="bbox 305 405 1660 521">
     <span class='ocr_line' id='line_1_4' title="bbox 305 405 1660 455; baseline -0.003 -11"><span class='ocrx_word' id='word_1_13' title='bbox 305 407 423 444; x_wconf 90' lang='lat' dir='ltr'>Nunc</span> <span class='ocrx_word' id='word_1_14' title='bbox 453 407 545 445; x_wconf 91' lang='lat' dir='ltr'>foris</span> <span class='ocrx_word' id='word_1_15' title='bbox 574 406 613 443; x_wconf 91' lang='lat' dir='ltr'>in</span> <span class='ocrx_word' id='word_1_16' title='bbox 644 407 792 455; x_wconf 88' lang='lat' dir='ltr'>populo</span> <span class='ocrx_word' id='word_1_17' title='bbox 822 418 940 444; x_wconf 90' lang='lat' dir='ltr'>nemo</span> <span class='ocrx_word' id='word_1_18' title='bbox 970 405 1110 443; x_wconf 88' lang='lat' dir='ltr'>salutat</span> <span class='ocrx_word' id='word_1_19' title='bbox 1139 417 1254 443; x_wconf 89' lang='lat' dir='ltr'>eum:</span> <span class='ocrx_word' id='word_1_20' title='bbox 1598 410 1660 451; x_wconf 75' lang='lat'>760</span> 
     </span>
     <span class='ocr_line' id='line_1_5' title="bbox 306 469 1423 521; baseline -0.003 -12"><span class='ocrx_word' id='word_1_21' title='bbox 306 472 424 509; x_wconf 88' lang='lat' dir='ltr'>Nunc</span> <span class='ocrx_word' id='word_1_22' title='bbox 453 483 613 521; x_wconf 85' lang='lat' dir='ltr'>serpens</span> <span class='ocrx_word' id='word_1_23' title='bbox 643 471 812 509; x_wconf 89' lang='lat' dir='ltr'>famulus</span> <span class='ocrx_word' id='word_1_24' title='bbox 841 478 1063 520; x_wconf 87' lang='lat' dir='ltr'>puteusque</span> <span class='ocrx_word' id='word_1_25' title='bbox 1091 469 1296 508; x_wconf 89' lang='lat' dir='ltr'>vocabitur</span> <span class='ocrx_word' id='word_1_26' title='bbox 1324 470 1423 517; x_wconf 84' lang='lat' dir='ltr'>aula,</span> 
     </span>
    </p>

    <p class='ocr_par' dir='ltr' id='par_1_5' title="bbox 306 535 1290 586">
     <span class='ocr_line' id='line_1_6' title="bbox 306 535 1290 586; baseline -0.002 -12"><span class='ocrx_word' id='word_1_27' title='bbox 306 537 504 586; x_wconf 85' lang='lat' dir='ltr'>Nuncque</span> <span class='ocrx_word' id='word_1_28' title='bbox 532 537 621 574; x_wconf 90' lang='lat' dir='ltr'>loco</span> <span class='ocrx_word' id='word_1_29' title='bbox 650 535 813 573; x_wconf 82' lang='lat' dir='ltr'>thalami</span> <span class='ocrx_word' id='word_1_30' title='bbox 842 542 939 573; x_wconf 86' lang='lat' dir='ltr'>tetra</span> <span class='ocrx_word' id='word_1_31' title='bbox 968 547 1137 573; x_wconf 85' lang='lat' dir='ltr'>cauerna</span> <span class='ocrx_word' id='word_1_32' title='bbox 1165 535 1290 573; x_wconf 86' lang='lat' dir='ltr'>datur.</span> 
     </span>
    </p>

    <p class='ocr_par' dir='ltr' id='par_1_6' title="bbox 305 600 1244 651">
     <span class='ocr_line' id='line_1_7' title="bbox 305 600 1244 651; baseline -0.002 -12"><span class='ocrx_word' id='word_1_33' title='bbox 305 602 368 640; x_wconf 90' lang='lat' dir='ltr'>Sic</span> <span class='ocrx_word' id='word_1_34' title='bbox 398 602 490 651; x_wconf 85' lang='lat' dir='ltr'>quia</span> <span class='ocrx_word' id='word_1_35' title='bbox 519 613 645 650; x_wconf 83' lang='lat' dir='ltr'>nuper</span> <span class='ocrx_word' id='word_1_36' title='bbox 673 613 765 639; x_wconf 90' lang='lat' dir='ltr'>eum</span> <span class='ocrx_word' id='word_1_37' title='bbox 797 600 955 638; x_wconf 83' lang='lat' dir='ltr'>fallebat</span> <span class='ocrx_word' id='word_1_38' title='bbox 984 600 1104 649; x_wconf 84' lang='lat' dir='ltr'>gloria</span> <span class='ocrx_word' id='word_1_39' title='bbox 1133 613 1244 647; x_wconf 87' lang='lat' dir='ltr'>vana,</span> 
     </span>
    </p>

    <p class='ocr_par' dir='ltr' id='par_1_7' title="bbox 305 664 1278 714">
     <span class='ocr_line' id='line_1_8' title="bbox 305 664 1278 714; baseline -0.001 -10"><span class='ocrx_word' id='word_1_40' title='bbox 305 667 425 704; x_wconf 89' lang='lat' dir='ltr'>Nunc</span> <span class='ocrx_word' id='word_1_41' title='bbox 454 665 528 704; x_wconf 87' lang='lat' dir='ltr'>sibi</span> <span class='ocrx_word' id='word_1_42' title='bbox 555 664 610 703; x_wconf 88' lang='lat' dir='ltr'>nil</span> <span class='ocrx_word' id='word_1_43' title='bbox 639 671 814 704; x_wconf 84' lang='lat' dir='ltr'>remanet</span> <span class='ocrx_word' id='word_1_44' title='bbox 843 665 947 703; x_wconf 91' lang='lat' dir='ltr'>vnde</span> <span class='ocrx_word' id='word_1_45' title='bbox 977 665 1167 714; x_wconf 90' lang='lat' dir='ltr'>superbus</span> <span class='ocrx_word' id='word_1_46' title='bbox 1196 665 1278 703; x_wconf 89' lang='lat' dir='ltr'>erit.</span> 
     </span>
    </p>
   </div>
   <div class='ocr_carea' id='block_1_4' title="bbox 195 788 1660 883">
    <p class='ocr_par' dir='ltr' id='par_1_8' title="bbox 195 788 1660 883">
     <span class='ocr_line' id='line_1_9' title="bbox 242 788 1660 834; baseline -0.002 -9"><span class='ocrx_word' id='word_1_47' title='bbox 242 790 320 825; x_wconf 90' lang='lat' dir='ltr'>Hic</span> <span class='ocrx_word' id='word_1_48' title='bbox 360 791 542 834; x_wconf 83' lang='lat' dir='ltr'>loquitur</span> <span class='ocrx_word' id='word_1_49' title='bbox 584 790 634 824; x_wconf 85' lang='lat' dir='ltr'>de</span> <span class='ocrx_word' id='word_1_50' title='bbox 677 789 869 834; x_wconf 84' lang='lat' dir='ltr'>corporis</span> <span class='ocrx_word' id='word_1_51' title='bbox 918 788 1073 824; x_wconf 83' lang='lat' dir='ltr'>mortui</span> <span class='ocrx_word' id='word_1_52' title='bbox 1120 789 1392 832; x_wconf 88' lang='lat' dir='ltr'>corrupcione</span> <span class='ocrx_word' id='word_1_53' title='bbox 1439 789 1660 824; x_wconf 85' lang='lat' dir='ltr'>seeundum</span> 
     </span>
     <span class='ocr_line' id='line_1_10' title="bbox 195 846 409 883; baseline 0.009 -2"><span class='ocrx_word' id='word_1_54' title='bbox 195 846 409 883; x_wconf 84' lang='lat' dir='ltr'>Inuidiam.</span> 
     </span>
    </p>
   </div>
   <div class='ocr_carea' id='block_1_5' title="bbox 86 924 270 972">
    <p class='ocr_par' dir='ltr' id='par_1_9' title="bbox 86 924 270 972">
     <span class='ocr_line' id='line_1_11' title="bbox 86 924 270 972; baseline -0.005 -11"><span class='ocrx_word' id='word_1_55' title='bbox 86 924 215 972; x_wconf 70' lang='lat' dir='ltr'>Capru.</span> <span class='ocrx_word' id='word_1_56' title='bbox 236 937 270 960; x_wconf 83' lang='lat' dir='ltr'>x.</span> 
     </span>
    </p>
   </div>
   <div class='ocr_carea' id='block_1_6' title="bbox 304 921 1662 1820">
    <p class='ocr_par' dir='ltr' id='par_1_10' title="bbox 304 921 1662 1820">
     <span class='ocr_line' id='line_1_12' title="bbox 357 921 1330 972; baseline -0.003 -11"><span class='ocrx_word' id='word_1_57' title='bbox 357 924 463 962; x_wconf 89' lang='lat' dir='ltr'>Ecce</span> <span class='ocrx_word' id='word_1_58' title='bbox 492 936 560 972; x_wconf 91' lang='lat' dir='ltr'>per</span> <span class='ocrx_word' id='word_1_59' title='bbox 589 923 777 960; x_wconf 88' lang='lat' dir='ltr'>invidiam</span> <span class='ocrx_word' id='word_1_60' title='bbox 807 923 874 972; x_wconf 84' lang='lat' dir='ltr'>qui</span> <span class='ocrx_word' id='word_1_61' title='bbox 904 929 1049 960; x_wconf 86' lang='lat' dir='ltr'>roserat</span> <span class='ocrx_word' id='word_1_62' title='bbox 1080 934 1146 960; x_wconf 84' lang='lat' dir='ltr'>ore</span> <span class='ocrx_word' id='word_1_63' title='bbox 1176 921 1330 967; x_wconf 81' lang='lat' dir='ltr'>canino,</span> 
     </span>
     <span class='ocr_line' id='line_1_13' title="bbox 306 987 1247 1027; baseline -0.003 0"><span class='ocrx_word' id='word_1_64' title='bbox 306 989 392 1027; x_wconf 87' lang='lat' dir='ltr'>Iam</span> <span class='ocrx_word' id='word_1_65' title='bbox 422 989 530 1026; x_wconf 84' lang='lat' dir='ltr'>canis</span> <span class='ocrx_word' id='word_1_66' title='bbox 559 995 625 1026; x_wconf 85' lang='lat' dir='ltr'>aut</span> <span class='ocrx_word' id='word_1_67' title='bbox 655 988 796 1026; x_wconf 87' lang='lat' dir='ltr'>vermis</span> <span class='ocrx_word' id='word_1_68' title='bbox 825 988 964 1025; x_wconf 91' lang='lat' dir='ltr'>rodere</span> <span class='ocrx_word' id='word_1_69' title='bbox 993 987 1115 1026; x_wconf 89' lang='lat' dir='ltr'>debet</span> <span class='ocrx_word' id='word_1_70' title='bbox 1144 999 1247 1025; x_wconf 91' lang='lat' dir='ltr'>eum.</span> 
     </span>
     <span class='ocr_line' id='line_1_14' title="bbox 304 1052 1280 1103; baseline -0.003 -11"><span class='ocrx_word' id='word_1_71' title='bbox 304 1054 476 1092; x_wconf 85' lang='lat' dir='ltr'>Alterius</span> <span class='ocrx_word' id='word_1_72' title='bbox 504 1054 650 1092; x_wconf 82' lang='lat' dir='ltr'>famam</span> <span class='ocrx_word' id='word_1_73' title='bbox 681 1065 869 1103; x_wconf 85' lang='lat' dir='ltr'>spernens</span> <span class='ocrx_word' id='word_1_74' title='bbox 899 1064 977 1102; x_wconf 87' lang='lat' dir='ltr'>que</span> <span class='ocrx_word' id='word_1_75' title='bbox 1006 1053 1145 1090; x_wconf 84' lang='lat' dir='ltr'>leserat</span> <span class='ocrx_word' id='word_1_76' title='bbox 1174 1052 1280 1099; x_wconf 86' lang='lat' dir='ltr'>olim,</span> 
     </span>
     <span class='ocr_line' id='line_1_15' title="bbox 304 1118 1200 1168; baseline -0.002 -11"><span class='ocrx_word' id='word_1_77' title='bbox 304 1119 507 1157; x_wconf 89' lang='lat' dir='ltr'>Ammodo</span> <span class='ocrx_word' id='word_1_78' title='bbox 536 1125 718 1168; x_wconf 84' lang='lat' dir='ltr'>corrupta</span> <span class='ocrx_word' id='word_1_79' title='bbox 747 1118 879 1167; x_wconf 83' lang='lat' dir='ltr'>lingua</span> <span class='ocrx_word' id='word_1_80' title='bbox 908 1118 1047 1156; x_wconf 88' lang='lat' dir='ltr'>dolosa</span> <span class='ocrx_word' id='word_1_81' title='bbox 1075 1124 1200 1155; x_wconf 83' lang='lat' dir='ltr'>tacet:</span> 
     </span>
     <span class='ocr_line' id='line_1_16' title="bbox 305 1182 1356 1233; baseline -0.003 -11"><span class='ocrx_word' id='word_1_82' title='bbox 305 1185 475 1223; x_wconf 90' lang='lat' dir='ltr'>Alterius</span> <span class='ocrx_word' id='word_1_83' title='bbox 506 1185 679 1233; x_wconf 85' lang='lat' dir='ltr'>dampna</span> <span class='ocrx_word' id='word_1_84' title='bbox 709 1183 801 1230; x_wconf 87' lang='lat' dir='ltr'>risit,</span> <span class='ocrx_word' id='word_1_85' title='bbox 832 1195 994 1232; x_wconf 83' lang='lat' dir='ltr'>quoque</span> <span class='ocrx_word' id='word_1_86' title='bbox 1023 1195 1208 1232; x_wconf 88' lang='lat' dir='ltr'>prospera</span> <span class='ocrx_word' id='word_1_87' title='bbox 1237 1182 1356 1232; x_wconf 85' lang='lat' dir='ltr'>fleuit,</span> 
     </span>
     <span class='ocr_line' id='line_1_17' title="bbox 307 1248 1662 1298; baseline -0.001 -11"><span class='ocrx_word' id='word_1_88' title='bbox 307 1250 425 1287; x_wconf 90' lang='lat' dir='ltr'>Nunc</span> <span class='ocrx_word' id='word_1_89' title='bbox 454 1250 580 1288; x_wconf 84' lang='lat' dir='ltr'>ridere</span> <span class='ocrx_word' id='word_1_90' title='bbox 610 1249 746 1298; x_wconf 84' lang='lat' dir='ltr'>nequit</span> <span class='ocrx_word' id='word_1_91' title='bbox 775 1261 842 1286; x_wconf 92' lang='lat' dir='ltr'>ore</span> <span class='ocrx_word' id='word_1_92' title='bbox 871 1255 1029 1286; x_wconf 81' lang='lat' dir='ltr'>carente</span> <span class='ocrx_word' id='word_1_93' title='bbox 1058 1248 1185 1286; x_wconf 87' lang='lat' dir='ltr'>labris.</span> <span class='ocrx_word' id='word_1_94' title='bbox 1600 1263 1662 1296; x_wconf 68' lang='lat'>770</span> 
     </span>
     <span class='ocr_line' id='line_1_18' title="bbox 306 1313 1481 1363; baseline 0 -11"><span class='ocrx_word' id='word_1_95' title='bbox 306 1315 511 1352; x_wconf 86' lang='lat' dir='ltr'>Murmure</span> <span class='ocrx_word' id='word_1_96' title='bbox 540 1326 607 1352; x_wconf 89' lang='lat' dir='ltr'>cor</span> <span class='ocrx_word' id='word_1_97' title='bbox 635 1314 798 1363; x_wconf 90' lang='lat' dir='ltr'>plenum</span> <span class='ocrx_word' id='word_1_98' title='bbox 828 1325 954 1362; x_wconf 89' lang='lat' dir='ltr'>nuper</span> <span class='ocrx_word' id='word_1_99' title='bbox 983 1313 1105 1351; x_wconf 89' lang='lat' dir='ltr'>modo</span> <span class='ocrx_word' id='word_1_100' title='bbox 1134 1313 1177 1350; x_wconf 89' lang='lat' dir='ltr'>fit</span> <span class='ocrx_word' id='word_1_101' title='bbox 1207 1314 1481 1362; x_wconf 83' lang='lat' dir='ltr'>putrefactum,</span> 
     </span>
     <span class='ocr_line' id='line_1_19' title="bbox 305 1378 1217 1427; baseline -0.001 -10"><span class='ocrx_word' id='word_1_102' title='bbox 305 1380 357 1417; x_wconf 92' lang='lat' dir='ltr'>Et</span> <span class='ocrx_word' id='word_1_103' title='bbox 386 1380 447 1417; x_wconf 81' lang='lat' dir='ltr'>via</span> <span class='ocrx_word' id='word_1_104' title='bbox 477 1379 554 1417; x_wconf 86' lang='lat' dir='ltr'>iam</span> <span class='ocrx_word' id='word_1_105' title='bbox 584 1386 698 1427; x_wconf 86' lang='lat' dir='ltr'>rupta</span> <span class='ocrx_word' id='word_1_106' title='bbox 725 1379 857 1416; x_wconf 90' lang='lat' dir='ltr'>cordis</span> <span class='ocrx_word' id='word_1_107' title='bbox 886 1378 937 1416; x_wconf 86' lang='lat' dir='ltr'>ad</span> <span class='ocrx_word' id='word_1_108' title='bbox 966 1391 1057 1427; x_wconf 87' lang='lat' dir='ltr'>yma</span> <span class='ocrx_word' id='word_1_109' title='bbox 1085 1384 1217 1427; x_wconf 86' lang='lat' dir='ltr'>patet:</span> 
     </span>
     <span class='ocr_line' id='line_1_20' title="bbox 306 1444 1354 1499; baseline 0 -17"><span class='ocrx_word' id='word_1_110' title='bbox 306 1445 392 1482; x_wconf 88' lang='lat' dir='ltr'>Iam</span> <span class='ocrx_word' id='word_1_111' title='bbox 423 1444 560 1499; x_wconf 82' lang='lat' dir='ltr'>nequit</span> <span class='ocrx_word' id='word_1_112' title='bbox 588 1444 760 1482; x_wconf 87' lang='lat' dir='ltr'>ambicio</span> <span class='ocrx_word' id='word_1_113' title='bbox 790 1444 885 1481; x_wconf 83' lang='lat' dir='ltr'>socii</span> <span class='ocrx_word' id='word_1_114' title='bbox 916 1451 1155 1493; x_wconf 87' lang='lat' dir='ltr'>postponere</span> <span class='ocrx_word' id='word_1_115' title='bbox 1184 1444 1354 1492; x_wconf 86' lang='lat' dir='ltr'>laudem,</span> 
     </span>
     <span class='ocr_line' id='line_1_21' title="bbox 307 1509 1242 1559; baseline -0.002 -11"><span class='ocrx_word' id='word_1_116' title='bbox 307 1510 393 1548; x_wconf 90' lang='lat' dir='ltr'>Nec</span> <span class='ocrx_word' id='word_1_117' title='bbox 422 1510 590 1559; x_wconf 87' lang='lat' dir='ltr'>preferre</span> <span class='ocrx_word' id='word_1_118' title='bbox 620 1522 742 1556; x_wconf 91' lang='lat' dir='ltr'>suam,</span> <span class='ocrx_word' id='word_1_119' title='bbox 774 1509 842 1558; x_wconf 83' lang='lat' dir='ltr'>qui</span> <span class='ocrx_word' id='word_1_120' title='bbox 872 1509 956 1547; x_wconf 87' lang='lat' dir='ltr'>sine</span> <span class='ocrx_word' id='word_1_121' title='bbox 986 1509 1103 1547; x_wconf 88' lang='lat' dir='ltr'>laude</span> <span class='ocrx_word' id='word_1_122' title='bbox 1132 1509 1242 1547; x_wconf 87' lang='lat' dir='ltr'>iacet.</span> 
     </span>
     <span class='ocr_line' id='line_1_22' title="bbox 305 1574 1433 1625; baseline 0 -12"><span class='ocrx_word' id='word_1_123' title='bbox 305 1577 421 1614; x_wconf 89' lang='lat' dir='ltr'>Tunc</span> <span class='ocrx_word' id='word_1_124' title='bbox 450 1575 501 1613; x_wconf 90' lang='lat' dir='ltr'>fel</span> <span class='ocrx_word' id='word_1_125' title='bbox 530 1574 604 1613; x_wconf 90' lang='lat' dir='ltr'>sub</span> <span class='ocrx_word' id='word_1_126' title='bbox 633 1575 751 1613; x_wconf 89' lang='lat' dir='ltr'>melle</span> <span class='ocrx_word' id='word_1_127' title='bbox 779 1575 958 1612; x_wconf 90' lang='lat' dir='ltr'>condens</span> <span class='ocrx_word' id='word_1_128' title='bbox 989 1587 1095 1611; x_wconf 89' lang='lat' dir='ltr'>nunc</span> <span class='ocrx_word' id='word_1_129' title='bbox 1125 1575 1310 1612; x_wconf 90' lang='lat' dir='ltr'>conditur</span> <span class='ocrx_word' id='word_1_130' title='bbox 1339 1575 1433 1625; x_wconf 88' lang='lat' dir='ltr'>ipse,</span> 
     </span>
     <span class='ocr_line' id='line_1_23' title="bbox 305 1640 1259 1690; baseline 0 -11"><span class='ocrx_word' id='word_1_131' title='bbox 305 1642 399 1690; x_wconf 84' lang='lat' dir='ltr'>Quo</span> <span class='ocrx_word' id='word_1_132' title='bbox 428 1641 513 1679; x_wconf 90' lang='lat' dir='ltr'>sine</span> <span class='ocrx_word' id='word_1_133' title='bbox 542 1648 675 1679; x_wconf 89' lang='lat' dir='ltr'>mente</span> <span class='ocrx_word' id='word_1_134' title='bbox 704 1653 795 1679; x_wconf 89' lang='lat' dir='ltr'>caro</span> <span class='ocrx_word' id='word_1_135' title='bbox 824 1641 879 1677; x_wconf 91' lang='lat' dir='ltr'>nil</span> <span class='ocrx_word' id='word_1_136' title='bbox 909 1640 1076 1678; x_wconf 85' lang='lat' dir='ltr'>similare</span> <span class='ocrx_word' id='word_1_137' title='bbox 1107 1647 1259 1690; x_wconf 89' lang='lat' dir='ltr'>potest:</span> 
     </span>
     <span class='ocr_line' id='line_1_24' title="bbox 305 1706 1279 1756; baseline 0 -12"><span class='ocrx_word' id='word_1_138' title='bbox 305 1707 487 1756; x_wconf 86' lang='lat' dir='ltr'>Amplius</span> <span class='ocrx_word' id='word_1_139' title='bbox 516 1707 665 1744; x_wconf 85' lang='lat' dir='ltr'>invidie</span> <span class='ocrx_word' id='word_1_140' title='bbox 694 1718 806 1744; x_wconf 91' lang='lat' dir='ltr'>mens</span> <span class='ocrx_word' id='word_1_141' title='bbox 836 1706 950 1754; x_wconf 85' lang='lat' dir='ltr'>ignea</span> <span class='ocrx_word' id='word_1_142' title='bbox 978 1706 1096 1755; x_wconf 86' lang='lat' dir='ltr'>plena</span> <span class='ocrx_word' id='word_1_143' title='bbox 1124 1718 1279 1744; x_wconf 83' lang='lat' dir='ltr'>veneno</span> 
     </span>
     <span class='ocr_line' id='line_1_25' title="bbox 307 1767 1312 1820; baseline -0.002 -11"><span class='ocrx_word' id='word_1_144' title='bbox 307 1771 460 1809; x_wconf 91' lang='lat' dir='ltr'>Liuoris</span> <span class='ocrx_word' id='word_1_145' title='bbox 490 1771 649 1809; x_wconf 87' lang='lat' dir='ltr'>stimulo</span> <span class='ocrx_word' id='word_1_146' title='bbox 679 1782 853 1820; x_wconf 84' lang='lat' dir='ltr'>pungere</span> <span class='ocrx_word' id='word_1_147' title='bbox 883 1782 1063 1820; x_wconf 88' lang='lat' dir='ltr'>quosque</span> <span class='ocrx_word' id='word_1_148' title='bbox 1092 1771 1240 1820; x_wconf 86' lang='lat' dir='ltr'>nequit.</span> <span class='ocrx_word' id='word_1_149' title='bbox 1309 1767 1312 1771; x_wconf 83' lang='grc'>’</span> 
     </span>
    </p>
   </div>
   <div class='ocr_carea' id='block_1_7' title="bbox 244 1893 1639 1938">
    <p class='ocr_par' dir='ltr' id='par_1_11' title="bbox 244 1893 1639 1938">
     <span class='ocr_line' id='line_1_26' title="bbox 244 1893 1639 1938; baseline -0.001 -9"><span class='ocrx_word' id='word_1_150' title='bbox 244 1896 323 1930; x_wconf 91' lang='lat' dir='ltr'>Hic</span> <span class='ocrx_word' id='word_1_151' title='bbox 341 1895 522 1938; x_wconf 80' lang='lat' dir='ltr'>loquitur</span> <span class='ocrx_word' id='word_1_152' title='bbox 538 1894 589 1929; x_wconf 86' lang='lat' dir='ltr'>de</span> <span class='ocrx_word' id='word_1_153' title='bbox 607 1893 794 1938; x_wconf 87' lang='lat' dir='ltr'>corporis</span> <span class='ocrx_word' id='word_1_154' title='bbox 811 1893 964 1928; x_wconf 84' lang='lat' dir='ltr'>mortui</span> <span class='ocrx_word' id='word_1_155' title='bbox 983 1893 1256 1937; x_wconf 89' lang='lat' dir='ltr'>corrupcione</span> <span class='ocrx_word' id='word_1_156' title='bbox 1274 1893 1497 1928; x_wconf 84' lang='lat' dir='ltr'>secundum</span> <span class='ocrx_word' id='word_1_157' title='bbox 1516 1894 1639 1928; x_wconf 82' lang='lat' dir='ltr'>Iram.</span> 
     </span>
    </p>
   </div>
   <div class='ocr_carea' id='block_1_8' title="bbox 78 1971 277 2020">
    <p class='ocr_par' dir='ltr' id='par_1_12' title="bbox 78 1971 277 2020">
     <span class='ocr_line' id='line_1_27' title="bbox 78 1971 277 2020; baseline -0.01 -10"><span class='ocrx_word' id='word_1_158' title='bbox 78 1973 207 2020; x_wconf 80' lang='lat' dir='ltr'>Capm.</span> <span class='ocrx_word' id='word_1_159' title='bbox 230 1971 277 2008; x_wconf 82' lang='lat' dir='ltr'>xi.</span> 
     </span>
    </p>
   </div>
   <div class='ocr_carea' id='block_1_9' title="bbox 306 1968 1664 2860">
    <p class='ocr_par' dir='ltr' id='par_1_13' title="bbox 306 1968 1664 2860">
     <span class='ocr_line' id='line_1_28' title="bbox 364 1968 1323 2018; baseline -0.001 -11"><span class='ocrx_word' id='word_1_160' title='bbox 364 1969 533 2008; x_wconf 91' lang='lat' dir='ltr'>Feruida</span> <span class='ocrx_word' id='word_1_161' title='bbox 560 1969 760 2006; x_wconf 87' lang='lat' dir='ltr'>viuentem</span> <span class='ocrx_word' id='word_1_162' title='bbox 790 1981 908 2018; x_wconf 85' lang='lat' dir='ltr'>quem</span> <span class='ocrx_word' id='word_1_163' title='bbox 939 1981 1064 2018; x_wconf 90' lang='lat' dir='ltr'>nuper</span> <span class='ocrx_word' id='word_1_164' title='bbox 1092 1968 1230 2006; x_wconf 88' lang='lat' dir='ltr'>torruit</span> <span class='ocrx_word' id='word_1_165' title='bbox 1259 1969 1323 2015; x_wconf 88' lang='lat' dir='ltr'>ira,</span> 
     </span>
     <span class='ocr_line' id='line_1_29' title="bbox 306 2034 1664 2084; baseline -0.001 -12"><span class='ocrx_word' id='word_1_166' title='bbox 306 2035 488 2084; x_wconf 86' lang='lat' dir='ltr'>Amplius</span> <span class='ocrx_word' id='word_1_167' title='bbox 518 2034 735 2083; x_wconf 86' lang='lat' dir='ltr'>impaciens</span> <span class='ocrx_word' id='word_1_168' title='bbox 766 2046 845 2071; x_wconf 87' lang='lat' dir='ltr'>non</span> <span class='ocrx_word' id='word_1_169' title='bbox 877 2040 1012 2071; x_wconf 87' lang='lat' dir='ltr'>mouet</span> <span class='ocrx_word' id='word_1_170' title='bbox 1041 2034 1106 2071; x_wconf 90' lang='lat' dir='ltr'>ille</span> <span class='ocrx_word' id='word_1_171' title='bbox 1135 2040 1278 2082; x_wconf 83' lang='lat' dir='ltr'>caput:</span> <span class='ocrx_word' id='word_1_172' title='bbox 1602 2041 1664 2082; x_wconf 78' lang='lat'>780</span> 
     </span>
     <span class='ocr_line' id='line_1_30' title="bbox 307 2095 1170 2146; baseline -0.002 -11"><span class='ocrx_word' id='word_1_173' title='bbox 307 2098 394 2135; x_wconf 92' lang='lat' dir='ltr'>Lite</span> <span class='ocrx_word' id='word_1_174' title='bbox 424 2109 494 2134; x_wconf 89' lang='lat' dir='ltr'>sua</span> <span class='ocrx_word' id='word_1_175' title='bbox 525 2096 678 2135; x_wconf 89' lang='lat' dir='ltr'>dudum</span> <span class='ocrx_word' id='word_1_176' title='bbox 708 2096 776 2146; x_wconf 83' lang='lat' dir='ltr'>qui</span> <span class='ocrx_word' id='word_1_177' title='bbox 806 2096 957 2134; x_wconf 88' lang='lat' dir='ltr'>vicinos</span> <span class='ocrx_word' id='word_1_178' title='bbox 987 2095 1170 2145; x_wconf 82' lang='lat' dir='ltr'>agitabat,</span> 
     </span>
     <span class='ocr_line' id='line_1_31' title="bbox 308 2161 1327 2210; baseline 0 -10"><span class='ocrx_word' id='word_1_179' title='bbox 308 2163 447 2200; x_wconf 87' lang='lat' dir='ltr'>Mutus</span> <span class='ocrx_word' id='word_1_180' title='bbox 477 2162 527 2200; x_wconf 91' lang='lat' dir='ltr'>ad</span> <span class='ocrx_word' id='word_1_181' title='bbox 557 2161 757 2199; x_wconf 88' lang='lat' dir='ltr'>interitum</span> <span class='ocrx_word' id='word_1_182' title='bbox 788 2173 868 2199; x_wconf 90' lang='lat' dir='ltr'>non</span> <span class='ocrx_word' id='word_1_183' title='bbox 898 2161 1019 2199; x_wconf 87' lang='lat' dir='ltr'>habet</span> <span class='ocrx_word' id='word_1_184' title='bbox 1049 2161 1131 2210; x_wconf 90' lang='lat' dir='ltr'>ipse</span> <span class='ocrx_word' id='word_1_185' title='bbox 1161 2174 1327 2200; x_wconf 87' lang='lat' dir='ltr'>sonum:</span> 
     </span>
     <span class='ocr_line' id='line_1_32' title="bbox 310 2227 1369 2276; baseline 0 -11"><span class='ocrx_word' id='word_1_186' title='bbox 310 2228 446 2276; x_wconf 91' lang='lat' dir='ltr'>Nuper</span> <span class='ocrx_word' id='word_1_187' title='bbox 475 2227 677 2276; x_wconf 87' lang='lat' dir='ltr'>linguosus</span> <span class='ocrx_word' id='word_1_188' title='bbox 708 2227 844 2276; x_wconf 86' lang='lat' dir='ltr'>nequit</span> <span class='ocrx_word' id='word_1_189' title='bbox 873 2227 1041 2275; x_wconf 87' lang='lat' dir='ltr'>amplius</span> <span class='ocrx_word' id='word_1_190' title='bbox 1071 2239 1157 2264; x_wconf 89' lang='lat' dir='ltr'>esse</span> <span class='ocrx_word' id='word_1_191' title='bbox 1186 2239 1369 2274; x_wconf 79' lang='lat' dir='ltr'>susurro3</span> 
     </span>
     <span class='ocr_line' id='line_1_33' title="bbox 310 2290 1249 2341; baseline 0 -11"><span class='ocrx_word' id='word_1_192' title='bbox 310 2293 420 2330; x_wconf 91' lang='lat' dir='ltr'>Mors</span> <span class='ocrx_word' id='word_1_193' title='bbox 450 2298 573 2339; x_wconf 87' lang='lat' dir='ltr'>vocat,</span> <span class='ocrx_word' id='word_1_194' title='bbox 606 2292 689 2341; x_wconf 87' lang='lat' dir='ltr'>ipse</span> <span class='ocrx_word' id='word_1_195' title='bbox 717 2298 831 2338; x_wconf 82' lang='lat' dir='ltr'>tacet,</span> <span class='ocrx_word' id='word_1_196' title='bbox 864 2290 998 2341; x_wconf 81' lang='lat' dir='ltr'>nilque</span> <span class='ocrx_word' id='word_1_197' title='bbox 1027 2292 1171 2330; x_wconf 88' lang='lat' dir='ltr'>refatur</span> <span class='ocrx_word' id='word_1_198' title='bbox 1200 2292 1249 2330; x_wconf 89' lang='lat' dir='ltr'>ei.</span> 
     </span>
     <span class='ocr_line' id='line_1_34' title="bbox 310 2357 1285 2406; baseline 0 -12"><span class='ocrx_word' id='word_1_199' title='bbox 310 2357 390 2405; x_wconf 86' lang='lat' dir='ltr'>Qui</span> <span class='ocrx_word' id='word_1_200' title='bbox 418 2362 560 2395; x_wconf 90' lang='lat' dir='ltr'>terrere</span> <span class='ocrx_word' id='word_1_201' title='bbox 588 2357 687 2395; x_wconf 87' lang='lat' dir='ltr'>solet</span> <span class='ocrx_word' id='word_1_202' title='bbox 716 2357 877 2406; x_wconf 85' lang='lat' dir='ltr'>inopem</span> <span class='ocrx_word' id='word_1_203' title='bbox 906 2364 1050 2395; x_wconf 86' lang='lat' dir='ltr'>terrore</span> <span class='ocrx_word' id='word_1_204' title='bbox 1079 2357 1285 2404; x_wconf 86' lang='lat' dir='ltr'>minarum,</span> 
     </span>
     <span class='ocr_line' id='line_1_35' title="bbox 310 2422 1270 2471; baseline -0.001 -10"><span class='ocrx_word' id='word_1_205' title='bbox 310 2422 458 2461; x_wconf 84' lang='lat' dir='ltr'>Contra</span> <span class='ocrx_word' id='word_1_206' title='bbox 486 2422 742 2460; x_wconf 88' lang='lat' dir='ltr'>vermiculum</span> <span class='ocrx_word' id='word_1_207' title='bbox 772 2422 850 2459; x_wconf 86' lang='lat' dir='ltr'>iam</span> <span class='ocrx_word' id='word_1_208' title='bbox 880 2422 982 2460; x_wconf 85' lang='lat' dir='ltr'>valet</span> <span class='ocrx_word' id='word_1_209' title='bbox 1012 2422 1095 2471; x_wconf 90' lang='lat' dir='ltr'>ipse</span> <span class='ocrx_word' id='word_1_210' title='bbox 1125 2422 1270 2460; x_wconf 89' lang='lat' dir='ltr'>nichil:</span> 
     </span>
     <span class='ocr_line' id='line_1_36' title="bbox 311 2486 1522 2535; baseline -0.001 -11"><span class='ocrx_word' id='word_1_211' title='bbox 311 2488 405 2525; x_wconf 87' lang='lat' dir='ltr'>Non</span> <span class='ocrx_word' id='word_1_212' title='bbox 434 2499 527 2525; x_wconf 85' lang='lat' dir='ltr'>suus</span> <span class='ocrx_word' id='word_1_213' title='bbox 555 2487 604 2525; x_wconf 87' lang='lat' dir='ltr'>ad</span> <span class='ocrx_word' id='word_1_214' title='bbox 635 2487 782 2526; x_wconf 87' lang='lat' dir='ltr'>bellum</span> <span class='ocrx_word' id='word_1_215' title='bbox 812 2487 918 2525; x_wconf 90' lang='lat' dir='ltr'>furor</span> <span class='ocrx_word' id='word_1_216' title='bbox 945 2487 1135 2524; x_wconf 84' lang='lat' dir='ltr'>ammodo</span> <span class='ocrx_word' id='word_1_217' title='bbox 1163 2492 1353 2535; x_wconf 86' lang='lat' dir='ltr'>prouocat</span> <span class='ocrx_word' id='word_1_218' title='bbox 1383 2486 1522 2535; x_wconf 86' lang='lat' dir='ltr'>ipsum,</span> 
     </span>
     <span class='ocr_line' id='line_1_37' title="bbox 311 2549 1301 2600; baseline 0.001 -12"><span class='ocrx_word' id='word_1_219' title='bbox 311 2551 391 2600; x_wconf 87' lang='lat' dir='ltr'>Qui</span> <span class='ocrx_word' id='word_1_220' title='bbox 421 2563 550 2600; x_wconf 88' lang='lat' dir='ltr'>neque</span> <span class='ocrx_word' id='word_1_221' title='bbox 578 2563 669 2589; x_wconf 90' lang='lat' dir='ltr'>cum</span> <span class='ocrx_word' id='word_1_222' title='bbox 698 2563 831 2589; x_wconf 90' lang='lat' dir='ltr'>verme</span> <span class='ocrx_word' id='word_1_223' title='bbox 860 2551 993 2589; x_wconf 88' lang='lat' dir='ltr'>federa</span> <span class='ocrx_word' id='word_1_224' title='bbox 1022 2549 1127 2600; x_wconf 88' lang='lat' dir='ltr'>pacis</span> <span class='ocrx_word' id='word_1_225' title='bbox 1157 2550 1301 2597; x_wconf 75' lang='lat' dir='ltr'>habet:</span> 
     </span>
     <span class='ocr_line' id='line_1_38' title="bbox 312 2615 1401 2665; baseline -0.001 -11"><span class='ocrx_word' id='word_1_226' title='bbox 312 2615 407 2654; x_wconf 88' lang='lat' dir='ltr'>Eius</span> <span class='ocrx_word' id='word_1_227' title='bbox 436 2616 542 2653; x_wconf 90' lang='lat' dir='ltr'>enim</span> <span class='ocrx_word' id='word_1_228' title='bbox 570 2616 722 2665; x_wconf 86' lang='lat' dir='ltr'>gladius</span> <span class='ocrx_word' id='word_1_229' title='bbox 751 2616 828 2654; x_wconf 86' lang='lat' dir='ltr'>iam</span> <span class='ocrx_word' id='word_1_230' title='bbox 858 2629 939 2654; x_wconf 90' lang='lat' dir='ltr'>non</span> <span class='ocrx_word' id='word_1_231' title='bbox 969 2616 1039 2654; x_wconf 87' lang='lat' dir='ltr'>erit</span> <span class='ocrx_word' id='word_1_232' title='bbox 1068 2628 1161 2654; x_wconf 88' lang='lat' dir='ltr'>ecce</span> <span class='ocrx_word' id='word_1_233' title='bbox 1191 2615 1401 2662; x_wconf 89' lang='lat' dir='ltr'>timendus,</span> 
     </span>
     <span class='ocr_line' id='line_1_39' title="bbox 311 2681 1663 2729; baseline -0.001 -11"><span class='ocrx_word' id='word_1_234' title='bbox 311 2681 392 2729; x_wconf 87' lang='lat' dir='ltr'>Qui</span> <span class='ocrx_word' id='word_1_235' title='bbox 421 2681 565 2729; x_wconf 87' lang='lat' dir='ltr'>patitur</span> <span class='ocrx_word' id='word_1_236' title='bbox 593 2693 764 2719; x_wconf 91' lang='lat' dir='ltr'>vermem</span> <span class='ocrx_word' id='word_1_237' title='bbox 793 2693 861 2719; x_wconf 91' lang='lat' dir='ltr'>cor</span> <span class='ocrx_word' id='word_1_238' title='bbox 888 2681 1057 2719; x_wconf 83' lang='lat' dir='ltr'>lacerare</span> <span class='ocrx_word' id='word_1_239' title='bbox 1086 2693 1225 2719; x_wconf 89' lang='lat' dir='ltr'>suum:</span> <span class='ocrx_word' id='word_1_240' title='bbox 1602 2693 1663 2728; x_wconf 79' lang='lat'>790</span> 
     </span>
     <span class='ocr_line' id='line_1_40' title="bbox 312 2744 1220 2795; baseline -0.003 -10"><span class='ocrx_word' id='word_1_241' title='bbox 312 2745 497 2795; x_wconf 89' lang='lat' dir='ltr'>Corporis</span> <span class='ocrx_word' id='word_1_242' title='bbox 526 2757 573 2783; x_wconf 90' lang='lat' dir='ltr'>ex</span> <span class='ocrx_word' id='word_1_243' title='bbox 601 2744 694 2783; x_wconf 93' lang='lat' dir='ltr'>odio</span> <span class='ocrx_word' id='word_1_244' title='bbox 723 2758 804 2784; x_wconf 91' lang='lat' dir='ltr'>non</span> <span class='ocrx_word' id='word_1_245' title='bbox 834 2746 980 2784; x_wconf 87' lang='lat' dir='ltr'>inficiet</span> <span class='ocrx_word' id='word_1_246' title='bbox 1010 2745 1220 2792; x_wconf 84' lang='lat' dir='ltr'>racionem,</span> 
     </span>
     <span class='ocr_line' id='line_1_41' title="bbox 312 2805 1076 2860; baseline 0 -12"><span class='ocrx_word' id='word_1_247' title='bbox 312 2810 514 2849; x_wconf 85' lang='lat' dir='ltr'>Ammodo</span> <span class='ocrx_word' id='word_1_248' title='bbox 543 2810 647 2848; x_wconf 87' lang='lat' dir='ltr'>vitali</span> <span class='ocrx_word' id='word_1_249' title='bbox 677 2811 744 2860; x_wconf 88' lang='lat' dir='ltr'>qui</span> <span class='ocrx_word' id='word_1_250' title='bbox 774 2805 932 2849; x_wconf 85' lang='lat' dir='ltr'>racione</span> <span class='ocrx_word' id='word_1_251' title='bbox 961 2817 1076 2848; x_wconf 88' lang='lat' dir='ltr'>caret.</span> 
     </span>
    </p>
   </div>
   <div class='ocr_carea' id='block_1_10' title="bbox 533 2885 1342 2927">
    <p class='ocr_par' dir='ltr' id='par_1_14' title="bbox 533 2885 1342 2927">
     <span class='ocr_line' id='line_1_42' title="bbox 533 2885 1342 2927; baseline -0.002 -10"><span class='ocrx_word' id='word_1_252' title='bbox 533 2886 593 2926; x_wconf 89' lang='lat'>767</span> <span class='ocrx_word' id='word_1_253' title='bbox 618 2896 788 2927; x_wconf 87' lang='lat' dir='ltr'>spernens</span> <span class='ocrx_word' id='word_1_254' title='bbox 804 2887 926 2918; x_wconf 88' lang='lat' dir='ltr'>famam</span> <span class='ocrx_word' id='word_1_255' title='bbox 944 2887 970 2918; x_wconf 94' lang='lat' dir='ltr'>C</span> <span class='ocrx_word' id='word_1_256' title='bbox 1015 2886 1138 2917; x_wconf 82' lang='lat' dir='ltr'>samam</span> <span class='ocrx_word' id='word_1_257' title='bbox 1155 2895 1298 2926; x_wconf 85' lang='lat' dir='ltr'>serpens</span> <span class='ocrx_word' id='word_1_258' title='bbox 1317 2885 1342 2915; x_wconf 92' lang='lat' dir='ltr'>L</span> 
     </span>
    </p>
   </div>
  </div>
 </body>
</html>
