2095 3173
640 220 830 261 LIBER
869 219 1204 262 SECUNDUS

301 326 378 364 Dic
407 332 477 374 set,
508 326 677 368 fortuna,
707 327 739 365 si
768 333 809 364 tu
840 326 1049 376 culpabilis
1078 335 1184 366 extas
1200 342 1210 376 3

301 391 433 429 Credo
463 398 597 429 tamen
627 404 745 430 causa
776 392 884 430 nulla
911 392 959 430 sit
989 392 1082 430 inde
1112 398 1202 431 tua:

302 456 381 494 Det
411 456 594 505 quamuis
623 456 769 494 variam
799 457 998 506 popularis
1028 469 1103 494 vox
1133 456 1204 495 tibi
1234 458 1391 503 famam,

299 521 487 558 Attamen
518 532 585 559 ore
614 533 704 559 meo
733 528 772 559 te
802 521 923 558 nichil
952 534 1038 559 esse
1067 528 1177 570 puto.

300 585 505 634 Quicquid
533 592 652 635 agant
680 586 756 632 alii,
789 598 869 624 non
901 598 1064 634 possum
1095 587 1257 625 credere
1286 587 1391 633 sorti,

299 650 448 689 Saltem
477 650 656 699 dumque
684 651 783 689 deus
813 651 862 689 sit
892 663 1010 700 super
1040 664 1161 690 omne
1191 659 1344 701 potens.

299 715 393 753 Non
423 722 462 753 te
490 715 689 752 fortunam
718 716 908 765 quicquid
939 716 1059 754 michi
1089 729 1238 765 ponere
1267 718 1439 763 credam,

298 780 352 817 Vt
379 791 476 830 gens
505 792 583 829 que
611 786 758 818 sortem
788 787 1004 818 murmurat
1033 793 1119 819 esse
1147 788 1279 819 tuam:

300 845 392 882 Hac
421 851 554 882 tamen
586 844 626 882 in
656 851 772 892 carta,
805 857 884 894 que
914 845 962 883 sit
993 845 1067 883 sibi
1099 846 1190 884 ficta
1220 847 1353 896 figura,

299 908 478 949 Scribere
506 910 677 958 decreui‚
709 917 768 949 set
798 911 919 948 nichil
948 910 1042 949 inde
1071 911 1204 950 michi.

48 1158 198 1235 {Capua
220 1177 271 1216 iii,
358 1178 394 1217 O
425 1179 591 1224 fortuna,
622 1179 694 1217 tibi
723 1179 833 1228 quod
861 1185 996 1228 aperte
1025 1178 1167 1217 dicitur
1196 1179 1299 1225 audi,

299 1242 536 1279 Inconstans
566 1241 699 1288 animi,
731 1253 809 1290 que
839 1253 912 1279 nec
943 1253 984 1279 es
1014 1241 1079 1278 hic
1109 1254 1182 1279 nec
1213 1241 1290 1280 ibi:

298 1307 353 1344 Es
384 1307 482 1345 facie
511 1306 615 1354 bina,
648 1319 814 1356 quarum
845 1306 1075 1344 deformiter
1103 1320 1180 1345 vna

297 1373 488 1422 Respicit,
520 1385 567 1411 ex
597 1379 635 1410 et
665 1385 711 1410 ea
739 1372 921 1409 fulminat
951 1372 1005 1409 ira
1034 1378 1125 1420 tua3

298 1437 433 1475 Altera
462 1437 564 1475 felici
594 1437 703 1475 vultu
733 1437 948 1483 candescit,
978 1443 1017 1475 et
1047 1437 1120 1486 ipsi

299 1502 421 1539 Hanc
451 1502 518 1551 qui
548 1502 809 1551 conspiciunt,
842 1513 1028 1551 prospera
1058 1509 1202 1540 cuncta
1230 1510 1380 1552 gerunt.

299 1565 364 1603 Sic
393 1566 532 1604 odiosa
561 1572 628 1603 tua
657 1566 776 1604 facies
805 1572 845 1604 et
873 1565 1053 1604 amabilis
1083 1566 1148 1603 illa

302 1631 430 1668 Anxia
459 1631 579 1669 corda
608 1631 713 1669 leuat
742 1643 917 1680 sepeque
946 1632 1023 1669 leta
1051 1631 1151 1670 ruit:

300 1697 359 1733 Ex
388 1697 504 1734 oculo
534 1696 661 1746 primo
691 1697 831 1745 ploras,
864 1696 1048 1745 ridesque
1077 1697 1266 1743 secundo,

298 1762 359 1799 Ac
387 1773 616 1808 econuerso,
647 1768 686 1799 te
716 1773 846 1810 neque
875 1768 1012 1799 noscet
1042 1761 1178 1800 homo.

301 1827 409 1864 Dum
439 1826 540 1876 geris
569 1833 774 1875 aspectum
804 1826 971 1874 duplum
1000 1826 1146 1864 variata
1178 1839 1245 1876 per
1275 1827 1423 1873 orbem,

301 1891 394 1928 Non
423 1897 462 1928 te
492 1889 737 1939 simplicibus
766 1896 921 1928 constat
951 1890 1047 1928 inire
1077 1891 1159 1928 viis.

301 1955 565 2005 Prosperitate
594 1962 661 1993 tua
691 1961 835 1993 stetero
864 1955 895 1992 si
925 1955 1025 1992 letus
1055 1955 1095 1992 in
1125 1954 1232 2002 orbe,

302 2022 410 2059 Dum
440 2027 537 2070 puto
566 2032 706 2058 securo
736 2026 847 2066 stare,
880 2026 1041 2069 repente
1070 2020 1195 2067 cad03

300 2086 351 2124 Et
382 2086 493 2124 timet
522 2085 671 2122 incerta
700 2097 768 2122 cor
796 2096 891 2134 sepe
920 2085 1067 2123 doloris
1097 2085 1137 2122 in
1168 2084 1319 2127 vmbra.

300 2152 403 2191 Cum
433 2151 555 2189 michi
584 2150 714 2188 leticia
743 2162 828 2188 cras
857 2150 964 2188 venit
993 2162 1086 2188 ecce
1115 2163 1235 2189 noua.

298 2216 445 2256 Omnia
474 2223 645 2266 suntque
674 2222 743 2253 tuo
772 2215 881 2253 tenui
910 2215 1132 2264 pendencia
1162 2216 1241 2262 filo,

300 2281 381 2329 Qui
410 2281 497 2330 plus
527 2281 651 2319 eredit
680 2281 736 2318 eis
766 2280 909 2317 fallitur
937 2286 1056 2329 atque
1085 2280 1208 2329 magis
1224 2293 1235 2327 3

302 2346 423 2396 Sique
451 2346 559 2384 leues
588 2345 693 2384 oculi
722 2345 800 2383 sint
829 2346 940 2392 ictus,
973 2351 1065 2383 sunt
1094 2345 1244 2383 leuiora

301 2411 453 2450 Ordine
481 2411 659 2459 precipiti
688 2410 863 2459 pendula
891 2409 969 2447 fata
998 2415 1076 2448 tua.

356 2477 526 2514 Munera
555 2476 662 2513 nulla
690 2476 827 2513 iuuant
855 2481 896 2513 vt
925 2482 964 2513 te
992 2475 1144 2524 possint
1176 2475 1353 2521 retinere,

302 2542 388 2579 Nec
417 2540 560 2578 domus
589 2547 648 2578 est
677 2546 782 2578 certa
812 2552 890 2589 que
920 2546 995 2577 stat
1024 2539 1064 2576 in
1094 2538 1190 2577 orbe
1220 2545 1297 2576 tua.

301 2606 364 2643 Tu
393 2604 548 2654 grauior
576 2605 688 2652 saxis,
720 2605 844 2642 leuior
872 2611 915 2642 tu
945 2616 1065 2653 quam
1095 2603 1193 2642 leuis
1222 2615 1325 2649 aura,

301 2670 489 2719 Asperior
517 2670 650 2718 spinis,
681 2670 837 2708 mollior
864 2676 984 2718 atque
1015 2669 1133 2707 rosis:

302 2737 366 2773 Tu
396 2735 519 2773 leuior
548 2735 649 2773 foliis
678 2741 773 2773 tunc
802 2748 895 2773 cum
925 2735 1010 2772 sine
1041 2733 1217 2783 pondere
1247 2733 1359 2771 siccis

303 2797 525 2837 Mobilibus
554 2799 681 2837 ventis
710 2799 819 2837 arida
848 2799 951 2836 facta
979 2799 1113 2836 volant
1128 2812 1138 2845 3

304 2865 357 2903 Et
385 2864 516 2902 minus
546 2870 604 2902 est
634 2864 674 2901 in
703 2870 753 2910 te,
783 2876 903 2913 quam
933 2876 1087 2902 summa
1116 2863 1274 2913 pondus
1303 2862 1431 2908 arista,

1619 797 1662 829 90

237 1043 315 1078 Hic
334 1044 532 1080 describit
549 1045 763 1080 fortunam
781 1046 1007 1081 secundum
1026 1046 1203 1090 aliquos,
1222 1047 1291 1091 qui
1312 1049 1471 1081 sortem
1495 1047 1662 1082 fortune

189 1101 333 1138 dieunt
353 1113 446 1138 esse
464 1104 506 1139 et
524 1113 677 1138 casum.
1227 1104 1234 1108 “

1602 1649 1662 1670 100

1602 2296 1662 2318 110
