2095 3173
637 207 825 248 LIBER
864 207 1176 249 SEPTIMUS
1558 223 1634 260 291

284 315 440 365 Nempe
469 327 609 365 parens
637 328 767 354 rerum
796 316 882 353 celo
911 315 1094 354 dimissus
1123 314 1174 353 ab
1203 314 1282 352 alto

282 381 348 419 Ad
377 387 444 418 tua
473 381 720 419 descendens
750 388 808 419 est
837 380 908 419 tibi
938 381 1063 418 factus
1093 381 1225 418 homo.
1573 384 1638 427 690

285 446 378 483 Noli
407 453 446 484 te
475 458 595 495 regno
624 447 774 496 peccati
804 446 983 494 subdere,
1015 445 1097 484 noli

282 511 373 559 Que
401 511 523 549 cicius
552 512 706 561 fugiunt
737 513 809 549 ista
838 512 988 549 caduca
1018 512 1153 561 sequi:

281 576 347 614 Set
376 583 527 625 satagas
556 577 724 614 humiles
753 577 887 614 animo
916 576 1194 614 transcendere
1222 581 1352 622 terraS,

282 641 463 690 Desuper
492 642 531 678 in
561 640 654 678 celis
683 640 808 690 arripe
836 641 945 679 fortis
975 641 1057 679 iter.

282 706 345 742 Tu
375 706 405 743 si
436 719 577 755 magna
607 707 717 755 petiS,
750 707 847 744 deus
877 713 935 744 est
964 718 1081 755 super
1109 706 1243 744 omnia
1272 717 1448 755 magnus,

281 771 320 808 Si
350 770 466 818 bona,
499 784 618 821 quam
650 772 778 810 bonus
808 779 866 810 est
895 772 1027 810 dicere
1056 784 1175 810 nemo
1204 778 1345 820 potest.

281 836 348 874 Nil
376 849 500 886 genus
529 844 595 875 aut
625 850 739 875 sexus
769 836 851 884 tibi,
882 838 936 874 nil
965 837 1026 875 vel
1056 843 1238 885 comptus
1268 836 1394 873 inanis

280 901 422 940 Mortis
451 903 502 941 ad
531 915 712 941 excessus
741 903 914 941 Vtilitatis
943 901 1103 940 habent.

281 967 391 1015 Quid
419 975 645 1017 penetrasse
674 969 782 1006 iuuat
811 969 949 1006 studiis
978 968 1148 1005 archana
1178 967 1396 1013 Platonem,

282 1032 511 1082 Natureque
540 1046 631 1071 suos
660 1034 932 1083 composuisse
960 1032 1112 1070 libros?
1576 1044 1639 1078 700

279 1097 381 1135 Solis
410 1098 482 1136 iter
510 1099 664 1147 celique
692 1099 825 1148 plagas
854 1099 1027 1147 luneque
1056 1103 1220 1144 meatus,

280 1163 332 1200 Et
360 1175 457 1212 vaga
485 1164 545 1201 vel
575 1176 732 1202 summo
762 1164 889 1201 sidera
918 1164 993 1201 fixa
1022 1163 1127 1212 polo,

280 1228 489 1277 Multaque
518 1236 645 1278 preter
675 1241 721 1267 ea
750 1228 841 1267 satis
870 1228 992 1266 ardua
1020 1233 1209 1275 nouerat3
1248 1233 1286 1264 et
1315 1238 1422 1264 nunc

282 1294 547 1343 Philosophus
576 1295 674 1332 cinis
704 1301 771 1341 est,
804 1307 952 1332 nomen
983 1294 1100 1332 inane
1129 1293 1238 1342 perit.

280 1359 388 1396 Dum
419 1371 479 1397 res
509 1366 547 1398 et
577 1372 704 1398 rerum
734 1372 871 1398 causas
900 1360 1066 1409 vestigat
1093 1360 1282 1408 Ypocras,

280 1425 388 1462 Dum
419 1425 645 1463 medicinali
674 1437 839 1475 corpora
868 1432 997 1463 seruat
1027 1436 1114 1473 ope,

279 1490 388 1528 Talis
417 1503 508 1529 eum
540 1498 693 1540 poterat
723 1491 923 1540 sapiencia
953 1491 1061 1528 nulla
1090 1489 1251 1536 mederi,

281 1555 391 1603 Quin
420 1557 578 1594 medico
607 1557 744 1594 mortis
773 1556 835 1594 lex
865 1554 1060 1594 subienda
1089 1555 1200 1593 foret.

281 1621 345 1659 Sic
373 1627 493 1671 patet,
525 1629 583 1660 est
612 1622 785 1660 hominis
816 1628 955 1659 natura
983 1620 1190 1671 potencior
1218 1626 1313 1666 arte,

280 1687 331 1724 Et
361 1687 436 1724 ruit
465 1687 505 1724 in
535 1694 703 1725 mortem
734 1699 834 1737 quos
864 1699 934 1725 sua
963 1699 1081 1724 causa
1110 1686 1219 1735 petit.
1578 1698 1640 1730 710

280 1752 352 1789 Est
380 1752 453 1790 tibi
482 1753 537 1790 nil
566 1754 706 1790 melius
736 1753 861 1802 igitur,
893 1765 1013 1808 quam
1042 1751 1232 1800 prouidus
1262 1750 1369 1787 illam

280 1817 501 1866 Prospicias
529 1823 709 1863 mortem,
742 1829 819 1866 que
849 1817 921 1854 tibi
950 1817 1038 1854 finis
1068 1816 1150 1854 erit.

280 1882 445 1931 Semper
473 1881 596 1919 iturus
626 1882 732 1929 ades,
763 1882 920 1919 accedis
950 1882 1001 1919 ad
1030 1881 1165 1918 Vltima
1193 1880 1284 1927 vite,

281 1947 368 1984 Nec
397 1947 472 1984 scis
502 1959 582 1996 quo
611 1947 701 1993 fine,
733 1946 895 1996 quando
925 1946 986 1984 vel
1016 1945 1112 1983 illud
1142 1945 1238 1983 erit:

282 2011 380 2050 Celo
409 2012 526 2060 longa
555 2012 627 2058 via,
659 2018 886 2061 restantque
916 2011 1000 2049 dies
1030 2009 1101 2048 tibi
1130 2010 1245 2060 pauci
1260 2024 1271 2058 3

280 2076 428 2115 Tardat
457 2077 529 2114 iter
557 2076 696 2114 mundi
725 2077 793 2125 qui
823 2076 897 2115 sibi
926 2076 1045 2114 sumit
1075 2088 1188 2114 onus.

221 2223 299 2258 Hic
333 2223 513 2266 loquitur
546 2223 726 2267 qualiter
759 2222 896 2262 homo,
930 2222 999 2266 qui
1032 2222 1168 2257 minor
1200 2221 1377 2256 mundus
1416 2221 1578 2262 dicitur,
1614 2231 1639 2254 a

173 2282 326 2317 mundo
359 2282 582 2316 secundum
617 2292 768 2325 corpus
800 2281 843 2315 in
876 2283 1053 2315 mortem
1087 2281 1297 2321 transibit,
1334 2282 1376 2315 et
1409 2280 1518 2314 sicut
1550 2280 1641 2323 ipse

174 2341 362 2385 corporis
401 2341 465 2375 sui
504 2343 677 2384 peccato
715 2340 837 2375 huius
875 2340 1016 2374 mundi
1056 2339 1353 2383 corrupcionis‚
1393 2338 1487 2372 dum
1520 2339 1640 2379 viuit,

173 2400 326 2434 causat
344 2400 549 2439 euentum,
567 2399 628 2432 ita
646 2399 689 2433 in
708 2407 882 2441 corpore
898 2400 1063 2432 mortuo
1088 2399 1238 2441 postea
1253 2396 1484 2439 putredinis
1502 2396 1639 2430 subire

173 2456 488 2500 corrupcionem
522 2457 707 2499 cogetur.
771 2455 825 2490 Et
862 2456 993 2500 primo
1037 2454 1137 2489 dicit
1171 2454 1220 2488 de
1260 2453 1413 2488 mortui
1454 2453 1640 2497 corporis

174 2514 443 2559 eorrupeione
461 2515 686 2548 secundum
703 2514 960 2558 Superbiam.

51 2596 180 2646 Capru.
203 2596 250 2634 ix.
337 2594 374 2633 O
403 2594 475 2632 tibi
505 2595 601 2644 quid
631 2595 749 2640 dices,
782 2607 873 2632 cum
903 2607 984 2633 non
1015 2600 1149 2632 mouet
1178 2605 1272 2631 aura
1300 2593 1472 2642 capillos,

284 2661 408 2698 Arent
438 2666 475 2697 et
504 2660 647 2706 fauces,
678 2672 751 2699 nec
780 2661 842 2697 via
872 2660 978 2697 vocis
1008 2659 1119 2704 inest,

283 2725 334 2762 Et
363 2725 470 2762 color
498 2724 538 2760 in
568 2725 677 2762 vultu
707 2725 792 2762 sine
821 2724 1023 2773 sanguine,
1055 2723 1204 2760 lumina
1233 2722 1367 2760 mestis

218 2817 281 2856 691
318 2826 425 2855 regno
452 2819 594 2855 peccato
621 2814 718 2846 EHL
774 2815 889 2856 Regni
914 2819 1056 2855 peccato
1084 2814 1115 2846 D
1250 2824 1311 2853 707
1348 2824 1425 2845 eum
1458 2812 1640 2845 CEHDHz

176 2868 266 2899 enim
283 2867 401 2899 SGLT

873 2933 945 2961 U2
