2095 3173
591 233 780 274 LIBER
819 233 1154 276 SECUNDUS

244 339 329 378 Sint
357 346 398 378 vt
427 339 467 378 in
495 337 655 379 arbitrio
684 340 842 379 subdita
871 347 1014 379 cuncta
1044 353 1127 380 suo.

244 404 348 444 Cum
378 405 463 444 solo
492 412 679 444 causante
707 406 784 445 deo
813 406 890 444 sint
919 413 1062 445 cuncta
1090 412 1229 455 creata,

245 469 352 508 Num
382 470 537 508 fortuna
565 471 630 509 dei
659 472 812 510 soluere
840 472 964 521 possit
993 473 1123 522 opus?

244 534 335 583 Que
364 534 418 572 nil
447 535 647 584 principiis
675 535 807 583 valui-t,
839 548 913 574 nec
942 537 1019 575 fine
1047 536 1203 584 valebit,

244 599 399 637 Estirno
428 600 537 648 quod
566 600 707 638 mediis
737 600 790 637 nil
819 602 922 639 valet
951 601 1035 651 ipsa
1065 602 1156 640 suis.

296 664 396 713 Quis
425 670 526 702 terre
555 665 700 703 molem
731 666 885 715 celique
914 666 1087 705 volubile
1116 667 1286 714 culmen,

244 729 344 778 Quis
373 741 420 768 ve
449 742 610 768 mouere
639 730 750 769 dedit
779 731 935 769 sidera?
993 732 1140 770 Nonne
1169 733 1298 770 deus?

243 793 345 843 Quis
373 806 421 833 ve
450 795 650 844 saporauit
680 796 719 833 in
749 796 880 834 dulcia
909 796 1073 834 flumina
1102 797 1242 844 fontes,

239 860 315 898 Vel
344 859 431 909 quis
459 872 592 898 amara
621 860 730 899 dedit
759 863 935 911 equora?
988 862 1135 900 Nonne
1163 862 1293 900 deus?

241 924 437 964 Conditor
465 923 570 963 orbis
600 925 651 964 ad
680 925 758 964 hoc
787 926 897 975 quod
926 927 1107 966 condidit
1137 938 1222 965 esse
1252 926 1421 974 volebat,

237 990 293 1028 Vt
321 989 535 1028 deseruiret
564 990 711 1028 fabrica
739 998 821 1029 tota
850 991 939 1030 deo.

239 1055 402 1093 Terram
431 1055 587 1093 vestiuit
617 1055 749 1093 herbis
779 1063 817 1094 et
845 1056 1007 1094 floribus
1037 1055 1191 1103 herbas,

239 1120 373 1158 Flores
402 1120 442 1157 in
472 1120 620 1158 fructus
649 1121 909 1170 multiplicare
938 1121 1072 1160 dedit:

239 1185 422 1234 Invigilat
451 1198 608 1223 summo
637 1186 769 1224 studio
798 1186 990 1225 ditescere
1019 1193 1172 1234 terram,

238 1250 289 1288 Et
318 1250 531 1288 fecundare
560 1250 757 1289 fertilitate
787 1263 881 1289 sua:

237 1316 324 1354 Nec
352 1316 445 1354 satis
474 1322 533 1354 est
562 1316 736 1354 mundus
766 1316 876 1366 quod
906 1316 1080 1364 flumine,
1112 1315 1299 1364 fontibus,
1331 1317 1435 1364 ortis,

236 1380 417 1419 Floribus
446 1386 485 1419 et
513 1387 623 1419 tanto
652 1382 827 1430 germine
857 1382 970 1420 diues
1000 1388 1105 1430 erat3

236 1447 318 1484 Res
346 1446 521 1485 animare
549 1459 686 1493 nouas,
715 1448 839 1485 varias
869 1447 1037 1486 formare
1066 1447 1220 1497 figuras,

237 1511 289 1550 Et
317 1510 524 1561 speciebus
554 1524 619 1550 eas
649 1512 867 1551 diuaricare
896 1519 1017 1562 parat.

235 1578 393 1616 Diuersi
421 1578 575 1628 generis
604 1579 828 1617 animancia
856 1586 957 1618 terra
985 1579 1143 1629 recepit,

235 1643 514 1693 Ingemuitque
542 1656 650 1682 nouo
679 1644 856 1694 pondere
884 1657 1018 1694 pressa
1047 1657 1119 1683 suo
1135 1658 1146 1693 3

235 1708 524 1758 Distribuitque
552 1709 661 1747 locos
690 1709 741 1748 ad
770 1721 907 1748 eorum
936 1710 1208 1760 proprietates,

234 1774 349 1812 quta
378 1774 487 1823 quod
516 1775 717 1823 proprium
748 1774 910 1814 cuilibet
939 1787 1026 1814 esse
1055 1775 1176 1823 dedit,

233 1837 442 1877 Montibus
472 1839 557 1886 hiis,
590 1839 663 1877 illis
693 1839 951 1887 convallibus,
983 1840 1058 1877 hiis
1088 1839 1319 1887 nemorosis,

231 1903 413 1942 Pluribus
443 1904 483 1941 in
513 1904 639 1952 planis
669 1905 769 1942 dans
799 1903 976 1943 habitare
1004 1905 1126 1943 locis:

232 1972 336 2009 Aera
364 1970 531 2019 sumpsit
560 1970 655 2018 auis,
686 1971 805 2019 piscis
834 1970 909 2008 sibi
938 1970 1123 2009 vendicat
1152 1970 1289 2018 vndas,

231 2035 446 2074 Planiciem
476 2035 661 2084 pecudes,
693 2035 810 2073 deuia
838 2047 998 2085 queque
1026 2036 1117 2074 fere.

230 2101 305 2138 Ars
335 2100 443 2149 operi
472 2100 594 2138 dictat
623 2100 781 2147 formas,
813 2100 1025 2150 opifexque
1054 2100 1203 2150 figurat,

229 2165 400 2203 Artificis
429 2165 606 2215 sequitur
634 2163 780 2203 fabrica
810 2172 891 2203 tota
920 2177 1094 2203 manum.

282 2231 457 2269 Fortune
487 2230 608 2268 nichil
637 2230 824 2278 attribuit,
857 2236 916 2269 set
945 2231 1051 2268 solus
1080 2237 1121 2268 vt
1149 2230 1234 2280 ipse

228 2295 384 2334 Cuncta
412 2301 527 2342 creat,
560 2295 666 2333 solus
694 2302 839 2333 cuncta
868 2302 998 2333 creata
1026 2295 1147 2345 regit:

228 2361 299 2399 Est
328 2360 449 2398 nichil
479 2360 623 2409 infelix,
657 2360 778 2397 nichil
806 2366 874 2398 aut
903 2360 954 2399 de
983 2366 1087 2398 sorte
1117 2359 1288 2406 beatum,

229 2427 361 2464 Immo
389 2425 459 2462 viri
489 2426 635 2464 meritis
664 2425 733 2463 dat
762 2437 832 2463 sua
861 2425 967 2464 dona
997 2425 1106 2463 deus.

228 2489 431 2539 Quicquid
459 2490 571 2528 adest
600 2490 724 2539 igitur,
757 2490 913 2539 sapiens
942 2490 1010 2539 qui
1040 2490 1183 2538 scripta
1212 2488 1379 2527 reuoluit

228 2555 347 2593 Dicet
374 2555 571 2593 fortunam
601 2567 681 2593 non
711 2554 898 2593 habuisse
926 2567 1056 2593 ream:

227 2621 322 2658 Hoc
350 2620 474 2658 fateor
501 2632 601 2668 vere,
632 2620 824 2670 quicquid
853 2620 1046 2669 contingit
1074 2619 1114 2656 in
1144 2618 1250 2665 orbe,

229 2686 315 2724 Nos
345 2697 480 2723 sumus
509 2685 549 2722 in
578 2696 706 2732 causa,
739 2685 817 2723 sint
846 2685 952 2723 bona
982 2685 1066 2722 siue
1095 2683 1209 2722 mala.

626 2755 632 2761 ·
649 2782 713 2822 614
739 2781 964 2822 Ingenuitque
982 2780 1042 2812 DL

1526 250 1597 276 101

1535 737 1600 769 600

1533 1388 1598 1421 610

1528 2042 1590 2072 620

1523 2688 1585 2727 630
