2095 3173
695 234 882 275 LIBER
924 233 1169 275 SEXTUS
1583 237 1663 287 265

308 341 456 381 Omne
484 341 610 391 quod
639 347 708 379 est
737 341 831 391 regi
860 341 1086 390 placitum
1115 352 1206 378 non
1237 339 1425 389 expedit
1454 339 1535 386 illi,

308 407 410 455 Que
439 406 528 444 sibi
558 406 656 444 iura
684 406 858 452 volunt,
889 405 1067 454 absque
1096 405 1247 454 rigore
1275 403 1446 441 licent:

308 471 428 508 Mira
456 477 611 520 potest
640 471 761 520 regis
790 483 872 520 pro
901 476 1110 519 tempore
1139 470 1258 507 ferre
1286 474 1509 518 potestas,

307 536 436 572 Vana
465 542 618 573 tamen
649 536 752 572 finis
781 533 1057 584 comprobat
1085 540 1187 572 acta
1216 534 1340 572 satis.

307 600 352 638 Si
382 600 581 649 positum
609 600 743 637 lance
772 600 830 637 sit
860 611 976 638 onus
1005 611 1107 637 cum
1136 598 1256 648 regis
1286 599 1471 646 honore,

308 665 412 703 Non
442 665 590 702 honor
619 671 688 702 est
717 670 874 702 tantus
904 665 1026 702 sicut
1055 663 1253 702 habetur
1281 676 1410 702 onus.

306 730 405 768 Rex
434 729 525 767 sibi
552 729 825 767 commissas
854 729 983 779 regni
1013 741 1295 778 componere
1324 729 1448 779 leges

307 793 472 842 Debet,
505 800 548 832 et
577 807 599 832 a
628 795 760 832 nullo
788 794 956 833 tollere
985 794 1082 832 iura
1110 794 1232 832 viro:

307 859 443 897 Nunc
472 865 626 897 tamen
654 859 700 897 in
729 859 866 909 plebe
895 871 980 898 vox
1009 865 1090 907 est,
1120 859 1245 908 quod
1274 859 1525 899 deficiente

308 925 430 974 Lege
459 925 595 963 dolus
624 925 728 962 iura
756 925 975 963 vendicat
1003 936 1104 963 esse
1133 937 1237 964 sua:
1580 931 1665 962 1180

307 990 383 1028 Sic
411 990 532 1028 bona
561 991 749 1028 iusticie
779 991 902 1028 fraus
930 997 1116 1040 compta
1145 990 1389 1038 subintrat,
1421 997 1464 1030 et
1494 990 1603 1028 inde

310 1055 468 1093 Inficit
496 1056 728 1094 occultam
757 1056 829 1094 lex
857 1055 1085 1094 hodierna
1114 1056 1260 1094 fidem.

309 1120 413 1168 Quo
442 1120 513 1158 lex
543 1120 762 1168 decessit,
791 1132 916 1159 error
945 1120 1035 1158 sibi
1065 1132 1204 1170 regna
1232 1119 1466 1170 repressit,

308 1184 442 1223 Vnde
471 1185 606 1223 decet
635 1196 786 1234 regem
816 1196 989 1234 ponere
1018 1185 1130 1222 iuris
1159 1196 1305 1234 opem.

363 1249 401 1288 O
430 1261 517 1297 rex,
549 1262 656 1299 ergo
685 1250 752 1288 tui
781 1250 996 1299 detergas
1025 1250 1220 1287 crimina
1248 1250 1387 1300 regni,

310 1314 367 1352 Et
396 1327 502 1364 rege
531 1314 763 1353 discretus
793 1326 881 1364 que
909 1313 996 1352 tibi
1026 1314 1191 1352 suadet
1219 1327 1358 1363 opus:

310 1380 498 1418 Perdita
526 1386 759 1418 restaures
788 1380 1052 1417 communia
1081 1379 1190 1426 iura,
1222 1392 1311 1428 que
1338 1379 1465 1429 leges

309 1445 380 1483 Ad
408 1457 597 1495 regnum
627 1456 805 1491 reuoca,
837 1445 1011 1483 crimen
1041 1450 1085 1482 et
1113 1456 1248 1482 omne
1278 1445 1394 1494 fuga.

308 1623 530 1662 Consilium
559 1623 711 1660 nullum
740 1627 780 1660 te
808 1627 968 1670 tangere
996 1621 1120 1670 possit
1148 1621 1341 1678 iniquum,

308 1689 397 1726 Rex
426 1700 499 1726 nec
529 1688 568 1725 in
598 1688 672 1725 hac
701 1694 802 1725 terra
830 1687 1007 1735 proditor
1035 1698 1121 1724 esse
1150 1693 1241 1734 tua3

309 1752 441 1791 Omne
469 1753 618 1790 malum
648 1752 774 1798 cedat,
806 1763 856 1789 ne
886 1751 1017 1789 ledere
1047 1752 1181 1800 possit,
1213 1758 1252 1789 et
1280 1763 1400 1789 omne

310 1818 382 1855 Est
411 1818 520 1866 quod
549 1818 588 1854 in
618 1816 713 1854 orbe
741 1816 904 1862 bonum,
936 1816 1003 1853 det
1031 1816 1129 1853 deus
1158 1828 1243 1854 esse
1272 1822 1397 1854 tuum.

364 1883 401 1921 O
431 1881 514 1929 tibi,
547 1883 644 1927 Rex,
674 1893 750 1919 euo
779 1881 905 1926 detur,
934 1880 1153 1927 fortissime,
1186 1887 1322 1918 nostro

312 1948 474 1996 Semper
502 1947 694 1984 honorata
722 1952 855 1995 ceptra
883 1953 1016 1983 tenere
1045 1957 1165 1982 manu
1180 1959 1190 1993 3

312 2013 420 2050 Assit
449 2019 487 2050 et
518 2013 582 2050 illa
613 2012 709 2057 dies,
741 2024 818 2061 qua
848 2017 900 2057 tu,
933 2010 1195 2059 pulcherrime
1225 2012 1394 2060 Regum,

312 2078 494 2126 Quatuor
522 2078 562 2114 in
591 2077 718 2115 niueis
747 2089 888 2114 aureus
917 2075 992 2114 ibis
1021 2076 1143 2124 equis.

312 2143 451 2190 Qualis
480 2149 519 2180 et
548 2143 716 2191 Augusti
747 2154 871 2191 nuper
899 2141 1085 2190 preconia
1115 2142 1246 2179 Rome

312 2208 530 2245 Extiterant
558 2207 686 2245 laudis
715 2207 792 2245 sint
821 2206 1051 2245 renouanda
1079 2205 1162 2244 tibi.
1560 2206 1666 2243 1180*

311 2273 465 2321 Augeat
493 2272 702 2321 imperium
731 2272 853 2310 nostri
882 2271 1007 2316 ducis,
1036 2277 1177 2320 augeat
1205 2283 1342 2318 annos,

314 2339 496 2388 Protegat
524 2345 562 2376 et
591 2345 743 2376 nostras
771 2343 886 2375 aucta
914 2348 1061 2375 corona
1089 2337 1215 2375 fores:

313 2404 399 2441 Stes
428 2403 563 2452 magis,
594 2415 619 2440 o
648 2402 711 2451 pie
741 2403 839 2447 Rex,
869 2401 1023 2439 domito
1052 2400 1231 2439 sublimis
1261 2401 1301 2438 in
1331 2399 1438 2447 orbe,

313 2468 546 2516 Cunctaque
575 2468 652 2505 sint
680 2467 853 2505 humeris
882 2466 1065 2504 inferiora
1092 2465 1180 2504 tuis.

313 2534 403 2581 Que
432 2533 554 2582 magis
583 2539 716 2571 eterne
745 2538 836 2570 sunt
863 2531 990 2569 laudis
1020 2543 1198 2568 summus
1227 2528 1278 2568 ab
1307 2530 1387 2567 alto

311 2599 442 2635 Aurea
470 2598 537 2636 det
565 2598 699 2636 dextre
727 2595 875 2646 fulgida
903 2602 1037 2645 ceptra
1065 2602 1155 2633 tue:

313 2663 393 2711 Qui
423 2661 493 2700 tibi
521 2663 646 2712 prima
675 2662 795 2708 dedit,
825 2662 1033 2699 confirmet
1062 2661 1202 2709 Regna
1230 2659 1362 2707 futuri,

311 2729 365 2765 Vt
394 2728 538 2777 poteris
567 2740 712 2777 magno
740 2739 906 2777 magnus
935 2727 1087 2764 honore
1115 2725 1200 2762 frui.

251 2836 354 2876 1171*
378 2840 412 2866 te
428 2841 568 2875 tangere
586 2835 615 2866 T
660 2836 848 2875 detangere
866 2835 928 2866 DL
1030 2833 1134 2873 1178*
1158 2833 1270 2864 aureis
1287 2833 1318 2863 D
1415 2832 1516 2864 1180*
1542 2836 1622 2863 sunt
1639 2832 1670 2862 D

207 2890 308 2921 1182*
332 2888 422 2920 foras
440 2889 471 2919 D
