2095 3173
24 958 26 979 l

25 1012 26 1041 ξ
70 1004 197 1053 Capw.
221 1004 308 1042 xvii.

701 244 888 284 LIBER
930 242 1230 293 QUARTUS
1623 244 1698 295 187

339 353 411 390 Hii
441 359 530 390 sunt
559 364 659 401 quos
688 352 860 389 retinens
889 350 1062 388 mundus
1092 362 1172 388 non
1203 349 1363 396 horruit,
1394 348 1518 387 immo

341 418 490 468 Diligit,
523 418 677 467 hiisque
707 423 851 455 statum
880 416 1039 454 tradidit
1070 416 1153 464 ipse
1183 427 1324 454 suum:

339 485 443 521 Istos
472 495 685 520 conuersos
714 489 773 520 set
802 493 1007 531 peruersos
1036 481 1159 530 magis
1190 492 1276 518 esse

340 550 518 594 Constat,
551 555 589 585 vt
619 560 665 585 ex
694 547 804 584 factis
835 547 997 584 nomina
1026 558 1116 584 vera
1145 546 1313 584 trahant.

339 614 557 651 Transtulit
586 626 608 650 a
637 613 715 651 vite
744 624 786 650 se
815 612 966 661 palmes
996 611 1051 649 sic
1081 611 1272 660 pharisea‚

339 679 437 717 Eius
467 685 505 716 et
536 679 574 715 in
604 684 720 728 gustu
750 678 898 715 fructus
928 676 1093 714 acerbus
1123 677 1213 714 olet.
1635 688 1699 723 750

275 811 354 846 Hic
383 812 564 856 loquitur
588 812 637 846 de
662 811 867 846 fratribus
890 811 984 852 illis,
1004 811 1073 854 qui
1097 820 1170 854 per
1196 809 1418 854 ypocrisim
1444 808 1698 853 predicando

229 871 370 915 populi
408 872 585 915 peccata
634 871 794 915 publice
839 869 1155 913 redarguentes,
1201 869 1423 903 blandiciis
1467 870 1611 903 tamen
1657 869 1700 902 et

229 930 519 974 voluptatibus
545 929 736 964 clanculo
762 928 1015 963 deseruiunt.

394 1005 570 1042 Seminat
599 1004 787 1053 ypocrisis
816 1015 1018 1041 sermones
1047 1003 1181 1041 dedita
1211 1001 1345 1049 fratris,

339 1070 483 1107 Messis
513 1076 552 1107 vt
582 1070 675 1107 inde
704 1069 763 1107 sui
793 1075 941 1106 crescat
970 1068 1009 1105 in
1040 1067 1136 1106 orbe
1165 1067 1272 1105 lucri.

338 1135 514 1172 Horrida
543 1134 661 1172 verba
691 1140 812 1181 tonat,
845 1134 940 1171 dum
970 1132 1129 1182 publica
1158 1144 1227 1181 per
1256 1132 1342 1169 loca
1371 1132 1562 1181 dampnat

339 1200 467 1238 Vsum
497 1199 689 1249 peccandi
720 1211 856 1237 seruus
886 1205 924 1235 vt
954 1198 1039 1247 ipse
1068 1197 1157 1245 dei3

339 1265 483 1303 Seruus
512 1271 550 1303 et
579 1271 619 1302 vt
649 1264 832 1310 Sathane,
863 1263 1025 1312 priuatis
1055 1275 1145 1299 cum
1176 1262 1348 1300 residere

338 1330 501 1368 Venerit
531 1330 570 1367 in
601 1329 793 1376 thalamis,
823 1329 933 1378 glosa
963 1328 1124 1366 remittit
1153 1328 1238 1374 eis3

340 1396 391 1433 Et
421 1407 520 1444 quos
550 1395 628 1432 alta
657 1395 762 1444 prius
792 1393 1018 1432 stimulabat
1047 1406 1123 1430 vox
1153 1392 1365 1439 reboanffis,

339 1462 500 1498 Postera
531 1460 747 1498 blandicies
776 1466 895 1509 vnget
923 1459 963 1496 in
992 1471 1085 1496 aure
1113 1458 1237 1496 leuis:

339 1526 391 1563 Et
422 1526 476 1563 sic
506 1532 689 1574 peccator
718 1525 802 1562 aliis
831 1531 993 1574 peccata
1022 1523 1227 1569 ministrat,

339 1591 524 1639 Namque
554 1591 694 1628 fouens
723 1590 868 1627 vicium
898 1589 1062 1639 percipit
1091 1588 1184 1626 inde
1213 1588 1377 1625 lucrum.
1638 1592 1699 1634 760

337 1657 433 1694 Hoc
462 1656 565 1694 bene
594 1657 665 1694 scit
695 1656 819 1703 frater,
851 1662 1058 1704 peccatum
1088 1667 1179 1692 cum
1210 1653 1407 1700 moriatur,

336 1722 453 1759 Tunc
482 1721 646 1759 moritur
674 1721 825 1758 lucrum
856 1727 1012 1769 tempus
1043 1720 1082 1756 in
1112 1731 1232 1757 omne
1261 1731 1388 1756 suum.

337 1786 415 1823 Dic
443 1785 509 1824 vbi
538 1793 596 1824 ter
624 1787 754 1824 veniet
783 1786 908 1832 frater,
940 1785 1015 1822 nisi
1045 1785 1151 1822 lucra
1179 1791 1360 1833 reportet,

339 1852 410 1889 Est
440 1851 504 1888 vbi
535 1864 618 1888 sors
647 1863 781 1898 vacua,
814 1864 894 1888 non
926 1850 1025 1888 redit
1055 1850 1138 1898 ipse
1167 1850 1239 1887 via.

340 1918 402 1954 De
432 1916 700 1954 fundamentis
730 1915 890 1953 fratrum
921 1915 952 1952 si
981 1914 1145 1952 crimina
1174 1914 1300 1960 tollas,

339 1982 403 2020 Sic
433 1981 575 2019 domus
605 1981 682 2018 alta
712 1981 779 2018 diu
809 1987 963 2018 corruet
992 1979 1144 2029 absque
1173 1991 1306 2016 manu.

393 2046 429 2085 O
459 2059 579 2095 quam
608 2046 799 2095 prophete
828 2046 906 2083 iam
935 2045 1186 2083 verificantur
1214 2044 1320 2083 Osee

340 2112 561 2157 Sermones,
593 2111 661 2160 qui
691 2111 746 2148 sic
775 2123 865 2148 vera
893 2108 1050 2148 locutus
1079 2110 1150 2147 ait:

341 2178 411 2214 ‘In
442 2177 550 2214 terris
581 2177 753 2225 quedam
782 2188 878 2225 gens
908 2182 1048 2225 surget,
1080 2187 1158 2224 que
1187 2174 1425 2223 populorum

341 2243 553 2280 Peccatum
583 2242 767 2279 comedet
797 2248 834 2279 et
864 2241 967 2278 mala
997 2240 1120 2277 multa
1150 2239 1271 2277 sciet?
1635 2250 1699 2286 770

343 2308 543 2356 Hancque
572 2307 826 2356 propheciam
858 2305 1000 2344 nostris
1029 2305 1184 2343 venisse
1213 2302 1355 2342 diebus

341 2372 561 2419 Cernimus,
592 2379 711 2421 atque
740 2380 875 2409 notam
906 2370 1088 2408 fratribus
1118 2370 1211 2407 inde
1240 2370 1393 2416 damus,

341 2438 406 2476 Ad
435 2450 603 2487 quorum
633 2438 791 2484 victum,
823 2437 937 2475 fuerit
967 2437 1280 2485 quodcumque
1310 2445 1519 2481 necesse,

340 2503 431 2541 Sors
461 2503 511 2540 de
540 2503 711 2552 peccatis
741 2515 860 2540 omne
890 2502 1083 2539 ministrat
1113 2501 1179 2538 eis.

341 2568 494 2605 Delicie
524 2568 620 2606 tales
649 2580 730 2605 non
761 2575 863 2614 sunt,
895 2579 973 2616 que
1003 2565 1184 2603 fratribus
1214 2577 1358 2611 escam,

340 2633 379 2671 Si
409 2633 654 2671 confessores
684 2633 771 2679 sint,
803 2632 1019 2682 aliquando
1050 2637 1205 2680 negant.

341 2698 496 2746 Aspicis
526 2705 564 2735 vt
594 2698 758 2735 veniunt
788 2698 839 2735 ad
867 2696 1038 2734 candida
1068 2702 1171 2733 tecta
1200 2692 1399 2740 columbe,

342 2763 428 2800 Nec
457 2763 584 2811 capiet
613 2763 708 2800 tales
738 2762 896 2800 sordida
926 2761 1039 2799 turris
1067 2772 1187 2797 aues:

341 2828 404 2865 Sic
435 2827 508 2864 nisi
538 2834 766 2876 magnatum
795 2827 862 2865 dat
891 2827 997 2863 curia
1028 2825 1134 2862 nulla
1163 2823 1364 2861 modernis

343 2891 542 2930 Fratribus
572 2892 793 2941 hospicium
823 2904 903 2941 quo
933 2902 1134 2929 remanere
1164 2889 1311 2927 volunt.
1636 2893 1700 2934 780

1424 2816 1432 2831 ⁴
