2095 3173
629 232 817 272 LIBER
860 232 1161 282 QUARTUS
1300 277 1305 282 ,
1552 245 1628 284 179

270 337 409 388 Sepius
439 337 590 376 insidiis
618 339 725 377 fedat
754 337 858 376 ouile
886 337 989 377 suis:

269 404 403 453 thue
432 416 550 453 rapax
579 402 805 441 stimulante
834 404 938 441 farne
967 402 1216 454 cupidusque
1245 402 1391 441 cruoris

272 468 565 507 Incustoditum
594 476 726 519 captat
754 468 859 507 ouile
887 470 1019 519 lupus,

269 534 334 572 Sic
362 542 473 573 vetus
503 534 567 572 hic
596 547 771 584 serpens,
797 534 1023 584 paradisum
1052 534 1120 584 qui
1148 533 1323 582 violauit,

269 600 450 639 Claustra
478 599 601 649 magis
631 606 766 637 sancta
794 598 993 638 deuiolare
1022 599 1141 650 cupit.

270 666 394 702 Pellat
423 672 461 703 et
492 678 584 714 ergo
614 665 725 714 lupas
754 671 901 714 pastor,
928 678 979 702 ne
1007 678 1098 715 grex
1126 664 1167 702 in
1196 678 1330 703 earum

271 729 441 768 Decidat
468 728 696 779 ingluuiem,
728 742 848 778 quam
877 736 1049 768 saturare
1078 729 1239 780 nequit:

270 796 462 843 Pastores,
493 794 649 845 vigilate
677 796 801 845 lupas,
832 803 1008 834 seruetur
1036 795 1152 844 ouile,

270 861 334 898 Ne
363 861 559 898 maculare
587 859 712 910 gregis
741 859 931 910 sanguine
960 862 1127 898 claustra
1153 868 1308 911 queant.
1564 866 1631 908 460

270 924 472 964 Occidunt
499 924 661 972 animas,
693 926 903 975 pluresque
931 926 983 964 ad
1011 933 1152 964 tartara
1181 925 1343 964 mittunt
1359 940 1370 973 3

271 992 343 1029 Est
371 991 577 1029 monachis
605 990 726 1041 pestis
755 993 863 1029 nulla
892 990 1069 1030 timenda
1098 991 1232 1041 magis.

324 1055 499 1104 Femina,
531 1069 635 1094 mors
664 1056 806 1103 anime,
836 1056 1042 1095 monachis
1071 1058 1261 1095 accedere
1289 1069 1511 1107 numquam

271 1121 437 1169 Debeat‚
468 1135 492 1159 a
521 1135 631 1160 sacro
661 1121 709 1160 sit
738 1123 875 1172 procul
905 1121 991 1171 ipsa
1018 1123 1141 1160 choro
1163 1136 1173 1169 3

270 1186 328 1225 Sit
356 1188 493 1236 procul
522 1200 545 1224 a
574 1194 663 1225 cetu
693 1194 919 1225 sanctorum
948 1186 1106 1234 femina,
1138 1200 1323 1237 namque,

271 1253 322 1290 Et
352 1251 383 1290 si
412 1265 493 1290 non
523 1251 666 1302 poterit
694 1251 861 1299 vincere,
893 1252 997 1290 bella
1026 1259 1172 1290 mouet.

271 1317 307 1356 O
338 1324 505 1355 caueant
534 1317 649 1367 igitur
678 1317 874 1364 monachi,
906 1330 956 1355 ne
985 1330 1127 1355 carnea
1155 1318 1272 1367 culpa

269 1381 444 1420 Virtutes
472 1382 605 1420 anime
635 1383 686 1421 de
715 1381 876 1420 leuitate
906 1389 1014 1420 terat.

271 1448 374 1487 Cum
404 1447 501 1497 quid
530 1454 642 1497 turpe
671 1446 774 1493 facit,
804 1446 872 1497 qui
902 1460 965 1485 me
995 1453 1199 1497 spectante
1228 1447 1395 1494 ruberet,

270 1513 362 1560 Cur,
393 1519 596 1562 spectante
625 1513 713 1559 deo,
745 1525 827 1550 non
856 1511 980 1561 magis
1009 1511 1103 1550 inde
1129 1512 1275 1550 rubet?
1565 1525 1632 1559 470

269 1576 310 1616 Si
339 1577 462 1628 patrie
493 1579 619 1616 Iudex
648 1577 762 1616 sciret
792 1591 863 1615 sua
890 1578 1002 1624 facta,
1035 1576 1190 1616 timeret
1206 1592 1216 1625 3

269 1641 351 1681 Scit
380 1642 566 1681 dominus
595 1648 735 1690 rerum,
767 1656 836 1680 cur
865 1641 986 1680 nichil
1016 1655 1107 1692 ergo
1137 1642 1279 1681 timet?

269 1709 487 1746 Funestum
517 1709 716 1746 monacho
745 1721 837 1746 cum
868 1707 923 1746 sic
953 1709 1055 1746 male
1085 1707 1254 1758 suggerit
1283 1707 1418 1755 hostis,

272 1775 322 1811 Et
351 1780 516 1811 conatur
545 1786 636 1811 eum
666 1774 798 1811 fallere
827 1772 934 1811 mille
963 1773 1105 1820 modis,

273 1840 372 1877 Esse
400 1839 521 1876 deum
550 1839 684 1876 credat
712 1845 936 1888 presentem
967 1851 1121 1888 semper
1149 1837 1306 1888 vbique‚

272 1904 359 1942 Nec
389 1916 441 1950 se,
473 1902 505 1941 si
534 1911 683 1953 peccet,
715 1916 831 1953 posse
860 1904 981 1941 latere
1010 1910 1132 1953 putet.

272 1969 428 2008 Cuncta
457 1967 529 2006 scit
557 1975 676 2018 atque
705 1968 822 2016 videt,
854 1981 928 2006 nec
957 1967 1171 2018 quicquam
1199 1967 1357 2019 preterit
1386 1967 1507 2015 illum,

271 2033 420 2073 Omnia
448 2040 539 2071 sunt
568 2032 692 2071 oculis
721 2046 876 2083 semper
903 2040 1038 2083 aperta
1067 2033 1172 2072 suis:

271 2098 312 2138 Si
340 2105 444 2137 tacet
472 2105 511 2137 et
540 2098 668 2137 differt
697 2106 735 2137 et
764 2112 845 2136 non
875 2099 971 2137 dum
1001 2099 1166 2137 crimina
1194 2098 1321 2149 punit,

272 2163 426 2211 Puniet‚
457 2171 496 2202 et
524 2163 671 2202 meritis
698 2163 842 2202 arbiter
870 2177 967 2214 equs
997 2164 1078 2203 erit.
1567 2172 1632 2212 480

272 2230 368 2268 Non
396 2228 511 2279 igitur
539 2230 757 2267 monachos
787 2229 917 2267 breuis
946 2230 1021 2268 hec
1049 2236 1088 2268 et
1116 2243 1218 2268 vana
1245 2231 1425 2280 voluptas

273 2294 465 2344 Occupet,
495 2293 619 2332 immo
648 2294 713 2333 dei
742 2293 878 2333 debita
905 2293 988 2332 iura
1017 2296 1173 2333 colant:

272 2360 338 2398 Ad
368 2360 476 2409 quod
505 2366 696 2398 venerunt
724 2359 883 2407 faciant,
912 2373 983 2398 sua
1011 2367 1182 2410 votaque
1211 2361 1380 2407 soluant,

274 2426 361 2462 Nec
391 2431 509 2474 queat
537 2424 577 2462 in
607 2424 783 2463 claustris
812 2424 936 2463 hostis
966 2425 1112 2464 habere
1140 2426 1298 2463 locum:

275 2489 481 2528 Distinctis
510 2489 742 2540 vicibusque
771 2491 913 2540 legant,
945 2497 1157 2540 operentur
1186 2497 1224 2528 et
1253 2496 1381 2537 orent,

274 2557 310 2593 A
340 2554 479 2594 studiis
509 2554 626 2593 sacris
655 2563 836 2606 tempora
863 2556 972 2593 nulla
999 2562 1166 2593 vacent:

275 2619 447 2658 Vtilibus
476 2633 630 2670 semper
658 2621 843 2659 studeant
872 2627 911 2658 et
939 2620 1055 2658 rebus
1085 2619 1272 2666 honestis,

275 2686 357 2723 Res
387 2692 445 2723 est
474 2684 663 2734 segnicies
691 2685 912 2735 perniciosa
939 2684 1082 2732 nimis3

276 2749 449 2788 Luxurie
478 2751 616 2796 fornes,
647 2763 707 2788 res
736 2749 938 2788 incentiua
967 2751 1171 2795 malorum,

276 2814 484 2866 Spiritibus
513 2827 686 2864 nequam
714 2823 894 2865 preparat
926 2814 1011 2865 ipsa
1039 2816 1183 2852 locum.
1567 2829 1633 2860 490

547 2889 611 2930 489
635 2889 743 2920 fornes
759 2894 812 2921 est
828 2899 884 2920 res
901 2889 928 2920 C
974 2889 1082 2921 fomes
1098 2899 1152 2920 res
1170 2891 1222 2920 est
1238 2888 1264 2918 L

866 2955 895 2982 N
920 2958 939 2982 2
