2095 3173
685 214 872 254 LIBER
917 214 1157 256 PRIMUS
1605 231 1657 271 23

302 322 447 370 Gloria,
479 322 545 359 lux
574 321 757 368 renitens,
790 321 978 370 splendor
1006 328 1045 359 et
1075 334 1195 360 omne
1224 321 1358 361 decus.
1618 340 1659 362 20

300 389 455 425 Aureus
484 388 565 425 axis
595 393 687 434 erat,
720 399 793 425 nec
823 394 931 425 temo
960 387 1003 425 fit
1032 388 1130 426 alter
1158 386 1208 426 ab
1239 391 1353 435 auro,

301 453 492 502 Splendet
522 459 560 490 et
590 453 629 490 in
659 452 789 490 curuis
819 464 936 491 aurea
965 465 1112 502 pompa
1141 453 1246 491 rotis.

300 519 375 556 Per
404 518 492 567 iuga
521 524 741 567 gemmatus
770 523 977 567 argenteus
1007 518 1106 556 ordo
1135 519 1358 566 choruscat,

301 583 494 622 Crisolitis
524 583 654 621 radios
684 582 840 632 prebuit
869 583 974 621 vnde
1003 595 1123 631 suos;

303 648 503 698 Ignitique
533 660 648 686 suum
678 660 833 685 currum
865 654 955 697 post
985 655 1091 698 terga
1120 649 1309 688 vehentes

300 715 404 752 Aera
433 713 658 752 discurrunt
687 713 957 752 celsitonantis
987 714 1089 763 equi.

355 781 555 828 Purpurea
584 779 760 817 residens
789 779 938 817 velatus
968 787 1077 818 veste
1107 779 1266 827 refulsit,

301 842 425 881 Cuius
455 842 495 878 in
525 849 686 890 aspectu
717 842 848 879 secula
877 848 1021 880 cuncta
1049 849 1197 891 patent.

301 909 407 945 Ante
436 919 551 945 suum
582 908 724 945 solium
755 907 985 956 gradiuntur
1014 915 1182 957 quatuor
1210 908 1302 945 anni

301 973 512 1022 Tempora,
543 985 621 1022 que
650 973 764 1010 variis
794 979 955 1022 compta
984 973 1127 1011 diebus
1157 981 1292 1012 erant:
1621 988 1661 1018 30

301 1039 417 1075 Tunc
446 1045 580 1076 tamen
609 1051 631 1076 a
661 1038 805 1076 dextris
836 1039 942 1076 stetit
972 1037 1061 1076 alba
1091 1039 1348 1088 propinquior
1377 1045 1480 1077 estas

303 1103 411 1141 Serta
440 1115 589 1152 gerens,
622 1110 660 1141 et
689 1115 777 1141 eam
807 1110 951 1141 cuncta
979 1110 1109 1142 creata
1138 1104 1286 1142 colunt.

302 1168 448 1207 Omnia
477 1175 572 1206 tunc
602 1169 752 1215 florent,
784 1175 879 1206 tunc
908 1175 967 1206 est
996 1181 1102 1206 noua
1131 1169 1319 1218 temporis
1349 1175 1443 1216 etas,

303 1235 425 1273 Ludit
455 1240 493 1272 et
523 1234 562 1271 in
593 1234 712 1282 pratis
742 1233 976 1272 luxuriando
1006 1245 1139 1283 pecus.

301 1300 418 1337 Tunc
445 1299 640 1337 fecundus
669 1311 770 1349 ager,
802 1311 990 1348 pecorum
1021 1305 1116 1337 tune
1147 1299 1243 1337 hora
1271 1300 1444 1347 creandi,

301 1366 418 1403 Tunc
447 1372 693 1415 renouatque
722 1377 814 1403 suos
843 1364 982 1414 reptile
1011 1365 1201 1415 quodque
1230 1365 1367 1413 iocos;

303 1432 498 1480 Prataque
526 1429 751 1480 pubescunt
780 1430 976 1468 variorum
1005 1430 1101 1468 flore
1130 1431 1320 1477 colorum,

303 1496 555 1545 Indocilique
584 1496 729 1545 loquax
757 1502 915 1545 gutture
944 1502 1077 1534 cantat
1106 1496 1191 1534 auis
1206 1510 1217 1544 3

302 1562 474 1611 Queque
502 1562 570 1600 diu
599 1561 712 1599 latuit
740 1567 835 1599 tunc
864 1573 907 1599 se
935 1574 1014 1611 qua
1042 1562 1154 1599 tollat
1183 1561 1223 1599 in
1252 1573 1365 1599 auras

304 1627 465 1665 Inuenit
493 1627 689 1665 occultam
720 1627 855 1665 fertilis
884 1625 1005 1665 herba
1035 1626 1138 1664 viam
1153 1640 1164 1675 3
1622 1641 1664 1671 40

300 1693 498 1742 Tuncque
527 1692 736 1741 pruinosos
767 1692 940 1730 mollitur
970 1691 1128 1730 Lucifer
1155 1703 1279 1742 agros,

302 1759 433 1807 Inque
463 1770 555 1796 suos
584 1758 713 1807 pullos
743 1758 917 1796 concitat
945 1758 1026 1796 ales
1056 1770 1168 1806 opus.

302 1824 418 1860 Tunc
447 1823 620 1873 glacialis
650 1835 788 1872 yemps
817 1835 938 1860 canos
969 1823 1118 1860 hirsuta
1146 1822 1311 1871 capillos

304 1888 473 1935 Deserit,
506 1895 544 1926 et
574 1888 721 1937 placidi
750 1888 929 1926 redditus
958 1887 1065 1925 orbis
1094 1893 1200 1926 erat:

304 1954 508 2003 Quicquid
538 1966 675 2003 yemps
705 1953 832 2002 operit
860 1953 992 2003 gelido
1021 1952 1073 1990 de
1102 1952 1242 2001 frigore
1273 1952 1389 1999 cedit,

303 2019 355 2057 Et
384 2019 540 2068 periunt
569 2019 678 2068 lapse
707 2018 790 2056 sole
819 2024 981 2067 tepente
1011 2018 1135 2055 niues.

302 2083 521 2122 Arboribus
550 2084 717 2122 redeunt
746 2083 913 2121 detonse
942 2083 1082 2133 frigore
1111 2083 1282 2130 frondes,

302 2151 460 2200 Regnat
489 2156 528 2188 et
558 2150 690 2187 estatis
720 2161 867 2198 pompa
896 2161 966 2198 per
994 2160 1115 2187 omne
1145 2160 1311 2187 nemus:

303 2216 410 2253 Rore
440 2215 583 2253 refudit
612 2215 791 2261 humum,
823 2214 891 2252 dat
919 2221 1020 2252 terre
1048 2214 1235 2263 gramina,
1267 2213 1376 2251 siluis

302 2280 492 2327 Frondes,
523 2278 729 2318 arboribus
759 2291 959 2329 pomaque
987 2285 1096 2329 grata
1125 2278 1245 2317 satis:
1620 2291 1664 2322 50

303 2346 417 2383 Mille
447 2345 518 2383 fuit
548 2344 662 2383 variis
692 2345 833 2383 florum
863 2350 1053 2383 renouata
1082 2344 1250 2391 coronis,

304 2410 492 2449 Herbifer
521 2411 559 2448 in
589 2410 702 2448 cuius
731 2411 817 2460 lege
846 2410 1002 2448 virescit
1029 2422 1132 2459 ager.

304 2477 396 2514 Flos
426 2488 496 2513 sua
524 2488 643 2525 regna
672 2476 782 2525 petit,
813 2475 1035 2525 florumque
1064 2473 1262 2512 coloribus
1291 2473 1445 2522 amplus

306 2541 426 2579 Ludit
453 2553 558 2591 ager,
586 2553 664 2590 que
692 2553 786 2579 suus
814 2540 959 2590 gaudia
987 2540 1117 2577 vultus
1151 2538 1280 2576 habet.

305 2607 390 2644 Iam
421 2606 512 2656 legit
541 2606 711 2656 ingenua
739 2606 862 2644 violas
892 2604 966 2643 sibi
995 2611 1154 2654 compta
1183 2604 1313 2653 puella

304 2671 483 2718 Rustica,
512 2683 608 2720 quas
639 2671 748 2709 nullo
777 2677 878 2709 terra
907 2676 1061 2708 serente
1090 2669 1207 2707 vehit.

239 2774 277 2795 21
313 2765 430 2795 themo
462 2764 519 2795 CE
666 2776 708 2803 40
748 2765 826 2796 Text
855 2764 976 2796 CEGT
1034 2763 1167 2794 ffertilis
1198 2761 1365 2793 occultam
1398 2760 1530 2791 inuenit
1554 2759 1659 2791 herba

197 2818 284 2847 viam
315 2816 374 2848 SD
432 2816 565 2848 ffertilis
597 2817 729 2849 inuenit
761 2818 929 2849 occultam
961 2817 1066 2847 herba
1096 2815 1187 2846 viam
1217 2814 1245 2845 L
1402 2822 1441 2851 41
1478 2813 1663 2852 pruinosos

197 2879 263 2900 om.
281 2869 308 2900 E
326 2868 453 2911 (blank)
