2095 3173
421 242 503 293 316

91 350 149 382 ilio
158 351 199 383 ab
208 353 257 384 eis
266 357 384 383 contra
393 352 501 384 dictos

91 400 163 426 tres
173 406 333 436 proceres
345 397 502 436 optinen-

90 440 134 470 do
160 440 359 480 requisiuit余
386 446 438 472 set
456 441 504 471 illi

91 483 184 522 regis
221 484 386 515 maliciam
427 494 502 524 per-

91 527 283 566 plectentes
302 528 413 558 eidem
430 528 502 558 nul-

89 570 222 602 latenus
231 572 504 604 consensierunt.

134 626 290 665 Qualiter
309 637 370 656 rex
387 626 503 657 Comi-

89 674 159 700 tem
187 669 338 708 Oxonie,
362 671 419 709 qui
439 680 502 709 per

89 724 209 753 aprum
227 713 436 753 designatur,
465 718 500 744 vt

89 757 164 797 ipse
175 762 294 788 contra
302 763 371 788 tres
382 767 500 797 proce-

88 811 144 832 res
160 801 353 832 antedictos
378 806 500 840 gentes

89 845 282 876 bellatrices
383 855 498 876 secum

89 889 242 927 duceret,
296 888 330 919 in
383 893 499 928 partes

89 933 222 964 Cestrie
235 943 300 963 vna
313 943 388 963 curn
405 933 499 973 regio

89 976 215 1008 vexillo
232 977 427 1008 destinauit.

133 1521 289 1561 Qualiter

91 1565 146 1596 die
189 1566 334 1596 Veneris
374 1566 501 1597 Comes

91 1609 229 1639 Oxonie
252 1620 326 1640 cum
349 1610 421 1640 suis
448 1620 500 1640 se-

89 1654 269 1691 quentibus
277 1654 309 1683 in
319 1659 501 1693 conspectu

90 1697 188 1727 ducis
218 1697 412 1736 Glouernie,
443 1698 500 1736 qui

89 1745 169 1771 tunc
185 1740 296 1780 vulpis
314 1742 453 1772 caudam
465 1741 499 1772 in

91 1784 209 1815 lancea
240 1786 356 1824 gessit,
390 1795 499 1825 prope

91 1828 201 1858 villam
277 1829 411 1859 Oxonie
464 1830 498 1860 in

90 1871 202 1910 fugam
234 1882 272 1903 se
312 1873 422 1911 vertit,
465 1877 499 1904 et

90 1920 209 1955 castra,
281 1926 346 1955 que
423 1917 498 1956 ipse

91 1959 217 1989 familie
237 1969 297 1990 sue
317 1970 380 1999 pro
399 1961 497 1999 signo

89 2003 255 2041 gestanda
287 2004 499 2046 attribuerat,

90 2047 132 2076 ad
152 2051 275 2077 terram
300 2048 430 2087 absque
447 2059 499 2080 re-

90 2089 258 2121 leuamine
268 2091 498 2132 finaliterpro-

91 2134 177 2164 iecta
207 2139 295 2166 sunt.
346 2135 433 2166 Nam
465 2142 500 2168 et

91 2178 165 2216 ipse
185 2177 321 2218 Comes,
343 2184 379 2210 vt
401 2189 497 2211 secu-

90 2222 169 2251 riori
193 2223 294 2252 modo
310 2222 411 2253 vitam
429 2234 498 2255 ser-

91 2270 199 2305 uaret,
225 2266 389 2306 profugus
412 2269 499 2299 vltra

91 2320 183 2340 mare
201 2311 338 2350 nauigio
356 2312 498 2344 transiit.

354 1522 500 1562 quodam

564 2847 606 2886 69
622 2851 718 2886 parte
734 2847 852 2879 CHH3
898 2858 999 2888 parce
1014 2848 1071 2879 SG

521 2898 634 2930 CGH続

907 238 1187 280 CRONICA
1225 237 1611 279 TRIPERTITA

630 346 749 384 Troia
778 345 850 383 fuit
879 345 1013 393 prima,
1045 356 1114 392 per
1143 355 1262 392 quem
1291 343 1350 381 sol
1379 343 1507 381 tendit
1535 344 1586 382 ad
1614 357 1704 394 yma
1720 357 1729 393 余

632 411 757 448 Pallet
786 410 825 446 in
856 409 991 458 eclipsi
1020 408 1202 457 populus,
1235 408 1328 457 quia
1357 421 1438 446 non
1469 409 1575 446 fauet
1604 409 1702 458 ipsi:

632 475 843 514 Obsistunt
871 473 985 512 turbe
1015 473 1165 521 Phebo,
1198 486 1248 511 ne
1277 474 1442 512 scandat
1471 474 1511 511 in
1541 474 1646 520 vrbe,

632 541 822 589 Dumque
852 539 931 577 suis
960 539 1031 577 alis
1062 539 1211 588 Cignus
1241 539 1313 577 fuit
1341 539 1565 589 imperialis.

685 606 806 643 Fraus
836 612 969 643 tamen
1000 604 1181 654 obliquas
1212 603 1338 642 nubes
1368 606 1587 643 commouit
1615 605 1782 654 iniquas,

630 671 774 709 Extera
802 671 898 709 dum
928 670 1045 708 rebus
1074 670 1283 720 temptauit
1312 671 1462 708 lumina
1492 669 1676 709 Phebus:

624 736 780 775 Cestria
808 736 981 783 surrexit,
1013 735 1120 784 Aper
1149 736 1189 772 in
1218 748 1296 785 qua
1325 736 1475 773 lumina
1503 736 1612 783 rexit,

628 802 748 852 Regis
778 802 961 839 vexillum
992 802 1098 839 fatue
1128 800 1349 850 signauerat
1379 801 1501 839 illum.

627 867 696 905 Set
724 867 966 916 conspiranti
997 866 1094 904 deus
1124 865 1256 904 obstat
1285 872 1323 904 et
1353 866 1564 914 insidianti,

629 932 723 980 Quo
752 931 868 969 dolus
898 944 1038 969 exosos
1068 930 1237 969 inuoluit
1266 931 1344 968 fine
1373 931 1558 969 dolosos:

628 997 787 1035 Auxilio
816 997 943 1046 Cigni,
974 997 1078 1047 regis
1107 1009 1178 1046 pro
1207 1003 1316 1046 parte
1345 996 1507 1046 maligni

629 1063 669 1100 Si
698 1062 755 1100 vis
785 1069 978 1111 queratur,
1011 1063 1205 1100 contraria
1234 1063 1290 1099 vis
1320 1069 1514 1111 operatur.

630 1128 770 1177 Querit
800 1129 907 1177 Aper
936 1127 1114 1171 latebras,
1147 1128 1304 1166 fraudes
1334 1128 1550 1177 mortisque
1578 1125 1773 1173 tenebras,

630 1194 724 1242 Quo
753 1206 917 1244 regnum
946 1194 1070 1242 periat
1098 1194 1279 1243 regisque
1308 1192 1492 1242 superbia
1521 1193 1587 1231 fiat
1602 1207 1612 1241 3

630 1259 779 1309 Cignus
809 1266 848 1298 et
877 1271 1058 1308 expresse
1088 1272 1204 1309 super
1233 1259 1307 1297 hiis
1333 1271 1410 1308 que
1439 1259 1562 1297 cernit
1591 1258 1732 1296 adesse

630 1323 828 1370 Prouidet,
860 1331 899 1363 et
928 1338 1061 1362 curam
1091 1325 1198 1374 regni
1228 1325 1322 1362 colit
1351 1325 1435 1374 ipse
1464 1325 1657 1362 futuram:

632 1390 752 1427 Ducit
782 1391 890 1439 Aper
917 1396 1066 1439 gentes,
1099 1402 1195 1439 quas
1225 1391 1398 1428 concitat
1427 1402 1534 1427 arma
1562 1397 1754 1439 gerentes,

630 1454 748 1493 Liber
776 1462 815 1493 vt
845 1454 919 1493 hiis
948 1462 1082 1504 pergat
1112 1467 1373 1504 proceresque
1402 1467 1471 1504 per
1501 1455 1635 1493 omnia
1666 1461 1833 1504 spergat.

682 1520 832 1569 Cignus
862 1527 899 1557 vt
929 1521 1005 1558 hoc
1035 1519 1159 1567 sciuit,
1191 1519 1442 1558 venientibus
1472 1519 1616 1558 obuius
1646 1521 1728 1566 iuit,

629 1586 798 1636 Belliger
826 1592 864 1624 et
893 1593 1032 1635 purgat
1061 1599 1237 1636 regnum,
1269 1598 1349 1635 quo
1379 1586 1456 1623 vita
1485 1592 1682 1634 resurgat:

627 1652 731 1690 Cum
761 1652 897 1689 Venus
927 1653 1073 1701 incepit
1103 1652 1243 1699 lucem,
1276 1664 1358 1689 sors
1386 1650 1491 1689 bella
1520 1650 1679 1700 recepit.

628 1717 712 1755 Stat
741 1717 852 1755 Tetis
881 1730 904 1754 a
933 1724 1052 1766 parte,
1084 1717 1227 1755 cecidit
1257 1717 1353 1754 dum
1384 1715 1538 1756 Cestria
1569 1717 1726 1763 Marte,

625 1782 829 1820 Thamisie
859 1782 999 1820 fluctus
1029 1781 1190 1831 capiunt
1220 1782 1270 1820 de
1300 1781 1490 1831 sanguine
1518 1782 1673 1819 luctus:

625 1847 731 1885 Vicit
760 1848 859 1887 Olor
887 1848 1039 1897 pennis,
1072 1847 1120 1885 sit
1150 1848 1185 1885 ei
1215 1860 1295 1897 quo
1324 1847 1404 1884 vita
1432 1846 1661 1896 perhennis.

625 1914 740 1950 Tunc
770 1914 877 1962 Aper
906 1913 1063 1952 Oxonie
1093 1913 1237 1951 cecidit
1266 1913 1316 1950 de
1346 1912 1441 1950 sede
1471 1912 1637 1961 sophie余

627 1977 731 2016 Cum
757 1991 880 2027 prope
909 1986 983 2016 stat
1012 1979 1156 2025 villam,
1187 1977 1441 2016 maledixerat
1470 1977 1613 2026 impius
1643 1977 1772 2015 illam:

627 2044 721 2081 Non
750 2043 804 2081 ibi
834 2044 1048 2093 permansit
1079 2044 1231 2093 fugiens
1261 2050 1319 2081 set
1348 2044 1456 2092 Aper
1484 2043 1585 2081 vada
1614 2044 1763 2089 transit,

627 2108 898 2146 Infortunatus
928 2109 971 2146 fit
1000 2108 1054 2147 ibi
1084 2109 1135 2146 de
1163 2109 1273 2147 fonte
1301 2115 1473 2147 renatus.

627 2174 690 2211 De
719 2174 845 2223 vulpis
874 2174 1001 2211 cauda
1030 2175 1142 2212 velox
1173 2175 1280 2223 Aper
1309 2180 1367 2211 est
1396 2182 1435 2211 vt
1463 2174 1616 2220 alauda,

627 2239 766 2277 Cauda
794 2239 870 2276 ruit
899 2246 1035 2286 castra,
1067 2251 1145 2288 que
1175 2246 1265 2276 sunt
1296 2251 1462 2277 numero
1491 2239 1597 2276 velut
1626 2245 1750 2276 astra:

627 2305 692 2342 Sic
721 2303 812 2353 quia
841 2304 1017 2353 deliquit,
1048 2316 1195 2341 vacuus
1224 2317 1294 2342 sua
1322 2311 1448 2341 castra
1476 2304 1642 2353 reliquit,

629 2371 782 2418 Pauper
811 2376 849 2408 et
878 2370 1052 2419 exposcit
1082 2370 1250 2417 foueam,
1283 2382 1360 2419 qua
1388 2368 1520 2407 viuere
1550 2369 1686 2418 possit.

629 2435 697 2473 Set
726 2447 857 2484 neque
885 2441 1101 2473 castrorum
1131 2435 1238 2472 iuuat
1267 2436 1419 2484 Aprum
1448 2447 1595 2484 pompa
1625 2447 1796 2482 suorum,

630 2501 717 2539 Nec
746 2499 820 2538 sibi
850 2501 954 2538 fossa
983 2501 1106 2548 datur,
1139 2500 1235 2538 dum
1264 2500 1451 2549 profugus
1480 2500 1574 2538 inde
1603 2500 1780 2549 fugatur:

630 2566 722 2604 Hec
750 2565 804 2604 ita
832 2566 928 2604 dum
957 2566 1066 2613 vidit,
1097 2566 1208 2615 quod
1238 2577 1331 2603 eum
1361 2566 1516 2604 fortuna
1546 2564 1714 2613 rescidit,

631 2632 706 2669 Per
734 2643 841 2670 mare
870 2631 1060 2678 transmit,
1091 2629 1185 2669 alibi
1214 2643 1294 2680 quo
1323 2630 1455 2669 viuere
1483 2631 1622 2680 quiuit.

629 2697 694 2734 Sic
722 2697 830 2746 Aper
858 2695 898 2734 in
928 2697 1104 2745 leporem
1132 2702 1305 2733 mutatus
1335 2697 1462 2745 perdit
1491 2697 1697 2742 honorem,

628 2762 811 2811 Amplius
842 2769 880 2800 et
909 2768 1036 2800 certus
1065 2762 1175 2800 locus
1205 2767 1263 2799 est
1292 2760 1366 2800 sibi
1396 2762 1526 2800 nullus
1554 2768 1721 2811 apertus.

1197 2857 1235 2886 71
1255 2847 1383 2878 fraudis
1397 2847 1484 2878 HHs
1607 2848 1650 2878 80
1673 2847 1752 2879 tetis
1771 2846 1832 2878 SH

767 2900 809 2938 85
833 2900 958 2931 trancit
973 2901 1000 2932 C
1133 2909 1176 2940 93
1200 2898 1295 2941 dum]
1316 2909 1391 2930 cum
1409 2899 1475 2931 CH

1951 416 1995 446 60

1952 1075 1994 1108 70

1950 1725 1990 1753 So

1946 2385 1988 2416 90

1881 2847 1984 2877 thetis
