2095 3173
674 242 861 282 LIBER
901 241 1213 283 SEPTIMUS
1596 256 1677 296 273

321 350 372 388 Et
401 349 637 388 clauduntur
665 362 711 388 ea
739 349 832 387 cleri
861 349 1124 388 communiter
1152 361 1232 395 ora,

321 415 444 464 Quod
472 415 609 464 nequit
639 415 722 464 ipse
751 415 873 453 modo
902 415 1067 464 psallere
1094 421 1186 453 vota
1215 414 1305 453 deo.

320 480 547 519 Concilium
577 480 739 518 Balaam
768 492 840 518 nos
869 480 961 517 vicit
989 492 1059 529 per
1088 480 1282 527 mulieres,

319 545 438 583 Vnde
466 545 544 583 deo
573 552 683 583 moto
712 545 823 594 plebs
853 557 923 583 sua
951 557 1093 594 quassa
1122 545 1231 594 perit.

320 610 455 648 Altera
483 617 541 648 set
571 623 688 648 causa
718 623 824 648 nunc
854 611 1041 659 temporis
1071 617 1170 648 astat
1199 623 1328 651 auara,

324 676 416 724 Que
445 676 554 713 fouet
583 676 771 713 invidiam
801 687 956 725 semper
984 676 1024 713 in
1053 675 1149 714 orbe
1179 688 1335 713 nouam.
1634 691 1676 723 30

320 742 411 780 Hec
440 741 587 790 medat,
618 747 777 790 pugnat.
808 740 954 779 occidit
982 741 1145 790 iuraque
1173 741 1296 788 falsat,

319 806 442 855 Quod
471 806 608 855 nequit
636 818 659 843 a
687 804 792 843 bello
822 818 897 855 pax
925 806 1103 844 reuenire
1132 818 1231 844 suo:

321 871 501 909 Exterius
530 871 683 908 domini
713 876 880 908 tractant
910 870 1016 909 bona
1045 872 1152 920 pacis
1181 871 1299 916 auari,

323 936 389 974 Set
417 943 551 974 tamen
580 935 742 973 interius
771 942 875 973 stant
904 935 978 973 sibi
1008 935 1111 974 bella
1140 937 1257 986 prius.

322 1002 431 1039 Dum
461 1001 603 1050 poterit
632 1012 768 1050 guerra
797 1001 885 1049 plus
914 1013 1012 1050 pace
1040 1002 1255 1040 recondere
1283 1001 1401 1047 lucra,

321 1066 458 1104 Nescit
486 1066 655 1115 auaricia
683 1066 790 1114 pacis
818 1078 950 1104 amare
978 1065 1110 1104 bona:

320 1132 407 1169 Nec
436 1131 527 1169 sinit
556 1131 703 1169 invidia
730 1138 798 1169 tua
826 1137 865 1169 te
894 1131 1013 1168 michi
1042 1131 1141 1170 ferre
1170 1132 1314 1181 quieta,

321 1196 501 1233 Lacrima
529 1208 701 1244 namque
731 1208 818 1233 mea
847 1196 948 1234 ridet
976 1196 1017 1233 in
1046 1209 1139 1234 aure
1168 1204 1247 1235 tua.

321 1261 389 1299 Nil
418 1260 488 1299 tibi
519 1261 550 1298 si
579 1261 749 1310 populus
779 1261 937 1310 plangat
966 1274 1035 1299 sua
1064 1262 1239 1311 dampna
1267 1260 1466 1309 subactus,

321 1326 431 1364 Dum
459 1338 672 1364 commune
700 1326 849 1363 malum
878 1326 946 1364 dat
975 1326 1046 1364 tibi
1076 1328 1174 1365 ferre
1203 1328 1369 1365 lucrum.
1633 1341 1675 1371 40

375 1391 441 1430 Sic
468 1398 507 1430 et
536 1392 704 1429 auaricia
733 1404 940 1440 procerum
970 1404 1012 1430 se
1041 1393 1212 1431 subdere
1241 1393 1362 1431 corda

322 1457 441 1504 Dicit,
473 1463 511 1495 et
539 1457 594 1494 hii
624 1457 761 1494 dicunt
789 1457 959 1495 subdere
987 1458 1070 1495 iura
1099 1459 1260 1497 volunt:

320 1522 385 1560 Sic
414 1521 542 1559 honor
570 1522 764 1570 ingenuus
794 1522 983 1560 descessit
1013 1523 1138 1560 victus
1167 1523 1217 1561 ab
1246 1535 1353 1569 auro,

322 1587 388 1625 Ad
416 1587 503 1625 loca
532 1587 683 1625 iusticie
712 1599 786 1625 nec
815 1588 991 1625 revenire
1020 1588 1178 1627 studet:

322 1652 386 1690 Sic
413 1658 521 1701 patet
549 1652 758 1701 ydropicus
788 1665 1042 1690 nummorum
1070 1660 1206 1702 gustus
1236 1653 1370 1700 auari3

320 1719 429 1755 Dum
458 1717 569 1764 bibit,
601 1718 694 1755 inde
723 1718 804 1755 sitis
833 1718 982 1766 appetit
1011 1719 1094 1767 ipsa
1124 1719 1270 1767 magis:

319 1784 384 1822 Sic
411 1795 553 1821 census
582 1795 663 1820 non
693 1783 805 1820 diues
835 1782 965 1828 habet,
997 1790 1056 1821 set
1084 1782 1251 1821 habetur
1279 1782 1330 1821 ab
1359 1783 1464 1833 ipsis,

319 1848 384 1886 Sic
412 1849 598 1886 dominus
627 1860 742 1885 seruo
771 1848 890 1885 seruit
919 1854 957 1885 et
986 1847 1069 1896 ipse
1099 1860 1197 1887 suo:

321 1913 386 1951 Sic
413 1913 517 1962 viget
546 1913 629 1961 ipse
659 1913 751 1950 foris
780 1913 903 1959 diues,
936 1919 1067 1950 tamen
1098 1913 1203 1951 intus
1233 1925 1380 1963 egenus
1396 1927 1406 1960 3

321 1978 385 2015 Sic
413 1976 533 2015 habet
563 1978 645 2026 ipse
675 1978 806 2024 nichil,
839 1977 935 2015 dum
965 1977 1085 2014 nichil
1115 1990 1234 2016 omne
1263 1983 1384 2027 putat.
1633 1993 1673 2026 50

320 2043 444 2081 Saxea
472 2043 640 2081 duricies
670 2043 894 2091 mentisque
922 2042 1138 2091 liquescere
1168 2044 1303 2090 nescit,

321 2109 407 2146 Nec
436 2108 591 2157 pietatis
620 2120 696 2157 ope
724 2108 888 2146 soluitur
916 2108 1009 2145 inde
1037 2109 1153 2157 gelu:

321 2173 508 2222 Pauperis
538 2173 576 2210 in
605 2173 779 2226 lacrimis!
803 2173 966 2219 deridet,
997 2174 1160 2223 vultque
1188 2173 1323 2212 labore

321 2238 507 2287 Pauperis
536 2238 711 2287 oppressi
741 2238 839 2276 ferre
868 2238 1001 2287 quieta
1030 2237 1115 2276 sibi.

321 2303 386 2341 Sic
414 2303 561 2341 etenim
590 2303 763 2340 nummis
792 2303 946 2340 animus
977 2304 1163 2352 sepelitur
1190 2303 1297 2340 auari
1312 2317 1323 2350 3

323 2368 413 2405 Hos
442 2366 560 2406 habet
589 2367 672 2417 ipse
700 2368 808 2415 deos,
841 2380 915 2406 nec
944 2368 1016 2406 scit
1045 2368 1191 2406 habere
1220 2368 1354 2406 deum.

259 2513 337 2547 Hic
355 2513 536 2557 loquitur
557 2515 705 2548 contra
723 2514 830 2549 istos
850 2524 1003 2548 auaros
1028 2513 1142 2548 omni
1168 2513 1277 2548 ferro
1303 2514 1346 2546 in
1372 2513 1451 2548 hoc
1479 2514 1673 2558 precipue

213 2573 400 2616 tempore
418 2572 618 2613 duriores,
637 2583 808 2616 quorum
825 2572 986 2614 diuicie,
1007 2572 1091 2606 nisi
1109 2571 1422 2615 participentur,
1441 2572 1606 2614 nullius,
1624 2576 1671 2607 vt

214 2630 327 2671 dicit,
347 2632 527 2674 possunt
544 2640 638 2665 esse
655 2632 828 2665 valoris.

103 2711 232 2760 Capm.
255 2709 291 2749 ii.
379 2711 499 2748 Heu!
539 2710 636 2759 quid
664 2723 759 2759 opes
788 2709 930 2760 opibus
959 2711 1132 2748 cumulat
1162 2710 1229 2759 qui
1258 2710 1413 2760 propria
1442 2712 1582 2761 querit,

323 2775 427 2815 Cum
456 2787 498 2814 se
527 2788 646 2814 nemo
676 2783 792 2825 queat
820 2776 1070 2826 appropriare
1099 2775 1203 2813 sibi?

260 2904 300 2934 27
324 2893 511 2926 Consilium
528 2894 690 2926 CEHDL
776 2905 819 2935 43
842 2895 1009 2927 descessit
1023 2894 1119 2928 SHG
1160 2894 1327 2927 desceseit
1344 2898 1371 2930 L
1412 2894 1562 2927 decessit
1579 2896 1671 2927 CED

269 2949 361 2971 *παι*
925 2964 950 2990 Τ
