2095 3173
675 240 863 282 LIBER
903 241 1216 284 SEPTIMUS

1596 260 1676 299 309

322 346 415 384 Non
445 353 567 385 status
595 354 663 385 aut
692 359 817 395 sexus,
849 360 928 386 non
959 348 1076 396 dona,
1107 361 1253 398 preces,
1284 349 1401 389 timor
1430 358 1495 389 aut
1525 353 1621 401 quid

322 412 492 450 Possunt
520 425 543 450 a
572 412 737 451 minimo
765 413 901 451 tollere
929 413 1012 451 iura
1040 412 1148 453 viro:

318 476 369 514 Et
399 477 454 514 sie
483 477 635 515 iusticia
663 478 820 516 redimit
848 479 1148 527 quodammodo
1177 479 1332 529 culpam

318 541 467 588 Carnis,
500 554 578 591 que
606 542 729 592 fragili
759 543 997 581 condicione
1025 544 1141 582 cadit.

318 607 384 645 Set
413 619 485 645 nos
514 607 554 644 in
584 608 706 656 patria
735 620 816 646 non
845 608 973 646 solum
1002 609 1196 647 vincimur
1224 610 1297 648 ista

317 672 377 709 Ex
405 672 531 710 carnis
561 672 732 720 stimulo,
764 685 844 722 quo
874 673 1094 711 stimulatur
1123 675 1244 714 homo
1259 690 1270 724 5

318 738 449 776 Immo
478 751 567 776 suas
596 745 721 776 metas
749 738 810 776 lex
838 739 975 776 transit
1004 739 1136 777 nescia
1165 741 1268 788 iuris,

315 804 458 853 Sicque
487 816 556 853 per
584 803 766 853 obliquas
795 803 918 853 patria
947 810 1079 842 nostra
1107 805 1188 843 vias

316 869 461 907 Deuiat
491 869 530 906 in
560 875 682 915 tanto,
714 869 834 918 quod,
866 869 1014 917 dicunt,
1045 871 1214 919 amplius
1243 872 1342 910 ordo

315 934 408 972 Non
437 934 508 971 erit
537 934 577 971 in
607 935 749 972 nostris
778 934 978 983 partibus:
1017 936 1122 973 vnde
1151 936 1250 974 deus

314 999 456 1037 Visitat
485 999 555 1037 has
584 1006 713 1048 partes
742 999 926 1046 vindicta,
958 1000 1084 1049 qualis
1114 999 1164 1039 ab
1194 1013 1271 1039 euo

315 1065 363 1102 In
393 1065 503 1103 nullo
535 1065 673 1102 mundi
704 1071 882 1114 tempore
910 1065 992 1103 visa
1018 1066 1101 1104 fuit.

313 1130 406 1167 Non
436 1136 569 1168 tamen
599 1136 657 1167 est
685 1137 785 1168 terra
814 1142 891 1179 que
919 1131 1064 1179 gaudet
1093 1131 1133 1168 in
1163 1131 1350 1170 omnibus
1379 1145 1465 1180 vna,

312 1195 379 1233 Set
407 1195 530 1244 magis
560 1195 600 1232 in
630 1201 762 1233 nostra
793 1195 834 1232 fit
865 1195 986 1233 modo
1015 1196 1120 1245 virga
1149 1197 1252 1236 fera:

312 1259 472 1298 Clamor
500 1259 657 1309 vbique,
687 1260 788 1307 vide,
821 1272 901 1298 non
931 1261 1038 1299 solus
1067 1273 1289 1311 conqueror
1317 1262 1400 1312 ipse
1415 1277 1446 1311 ςΔ

312 1324 459 1374 Culpas
488 1332 568 1363 tam
599 1325 751 1375 patulas
781 1332 839 1363 est
869 1326 1031 1364 reticere
1060 1327 1234 1376 nephas:

311 1390 374 1428 Sic
403 1390 478 1428 fleo
507 1403 599 1428 cum
629 1391 758 1438 flente,
790 1391 851 1428 lex
879 1391 986 1439 fallit,
1017 1391 1129 1429 fallor
1157 1399 1195 1430 et
1225 1393 1333 1441 ipse3

311 1456 394 1493 Stat
422 1468 511 1493 mea
541 1468 632 1493 nam
662 1455 846 1505 grauibus
876 1456 1000 1505 patria
1029 1457 1146 1506 plena
1175 1457 1299 1495 malis.

364 1522 459 1568 Nos,
491 1520 635 1570 quibus
664 1521 837 1559 assueuit
867 1533 1085 1571 numquam
1114 1522 1325 1561 crudeliter
1352 1524 1406 1560 vti

310 1587 462 1634 Fatum,
495 1587 572 1624 iam
602 1599 755 1636 pressos
786 1587 923 1625 sternit
951 1586 1098 1636 vbique
1127 1599 1226 1626 reos.

309 1652 399 1700 Que
428 1652 552 1689 fuerat
581 1652 695 1690 tellus
725 1652 834 1690 omni
864 1652 1040 1701 preciosa
1069 1653 1240 1700 metallo,

309 1717 395 1754 Iam
425 1717 563 1766 nequit
591 1729 639 1754 ex
667 1716 833 1766 plumbo
862 1717 1019 1766 pondus
1049 1716 1196 1755 habere
1226 1730 1368 1766 suum3

308 1781 474 1831 Dignior
501 1788 673 1830 argento,
705 1781 814 1819 fuluo
844 1793 1004 1831 quoque
1032 1781 1187 1830 dignior
1215 1794 1321 1829 auro,

308 1846 454 1884 Nobile
482 1858 560 1895 que
589 1846 734 1895 genuit,
765 1846 828 1883 vix
856 1847 958 1884 valet
987 1858 1073 1883 esse
1102 1846 1310 1895 quadrans.

308 1911 446 1960 Nuper
474 1911 656 1949 dixerunt
685 1911 927 1960 quicumque
955 1910 1088 1948 venire
1117 1910 1310 1958 solebant,

309 1976 524 2014 ‘Venimus
552 1975 603 2013 ad
631 1982 778 2024 portus,
810 1973 928 2013 vbera
956 1981 1066 2022 terra,
1098 1976 1212 2013 tuos)

307 2042 426 2079 Nunc
455 2047 587 2078 tamen
616 2047 656 2078 vt
686 2041 824 2079 sterilis
854 2041 1043 2090 reputaris
1072 2047 1111 2078 et
1140 2053 1192 2088 es,
1223 2041 1316 2090 quia
1345 2055 1473 2081 mores

307 2107 425 2144 Nunc
454 2118 583 2155 neque
613 2106 757 2144 diuicie
786 2112 877 2144 sunt
905 2106 1120 2155 aliquando
1149 2113 1228 2145 tue.

306 2171 399 2219 Quo
428 2171 536 2218 ferar,
567 2171 672 2209 vnde
700 2177 831 2220 petam
861 2171 994 2209 mestis
1024 2171 1168 2209 solacia
1196 2171 1343 2210 rebus?

306 2236 492 2273 Anchora
520 2236 598 2273 iam
628 2243 800 2273 nostram
831 2248 911 2274 non
940 2242 1048 2274 tenet
1077 2237 1152 2274 vlla
1181 2244 1316 2276 ratem.

306 2301 370 2338 Sic
398 2313 496 2348 mea,
528 2313 606 2350 que
635 2301 784 2339 stabilis
813 2302 895 2348 fuit,
927 2302 1145 2339 infirmatur
1173 2302 1317 2352 iniquis

306 2365 433 2403 Patria
461 2365 625 2414 iudiciis,
657 2366 738 2404 iura
767 2366 951 2416 negando
980 2366 1091 2404 viris:

306 2430 369 2469 Sic
397 2431 523 2480 gentis
553 2431 726 2479 domina,
757 2432 868 2481 quasi
898 2432 975 2469 iarn
1005 2432 1174 2480 viduata,
1206 2432 1351 2471 tributa

305 2495 455 2533 Reddit
483 2503 657 2545 peccato,
690 2503 844 2546 statque
873 2503 1023 2534 remota
1051 2496 1138 2533 deo.

305 2560 369 2597 Sic
397 2572 475 2608 que
503 2561 693 2610 morigera
723 2561 856 2608 fuerat,
888 2573 995 2598 nunc
1024 2567 1082 2598 est
1111 2561 1282 2609 viciosa3

305 2624 469 2662 Dudum
499 2625 666 2674 legifera,
696 2638 803 2664 nunc
832 2627 917 2663 sine
945 2626 1029 2675 lege
1058 2625 1161 2664 fera:

303 2689 367 2727 Sic
396 2701 442 2727 ea
471 2702 549 2739 que
578 2690 681 2740 larga
710 2691 843 2738 fuerat,
876 2703 982 2737 nunc
1011 2690 1111 2728 tollit
1140 2702 1288 2739 egena3

304 2755 394 2803 Que
423 2755 546 2793 fuerat
574 2762 719 2803 sancta,
751 2757 794 2795 fit
822 2758 959 2794 Venus
988 2756 1072 2805 ipsa
1100 2755 1198 2794 dea:

303 2820 374 2857 Est
403 2819 482 2858 sale
511 2819 588 2857 iam
619 2832 760 2869 spersa,
791 2822 915 2859 fuerat
944 2832 1021 2870 que
1050 2819 1241 2859 fructibus
1270 2822 1411 2871 ampla,

646 2905 728 2936 1342
753 2906 850 2927 suum
869 2896 925 2928 SG
970 2906 1032 2927 suo
1049 2881 1211 2928 CEHDIL

1587 953 1672 985 1330

1583 1606 1666 1638 1340

1576 2255 1659 2286 ¹350
