2095 3173
456 242 535 281 262

930 241 1057 282 VOX
1098 240 1460 283 CLAMANTIS

565 346 727 386 Iusticie
757 348 829 386 soli
857 346 937 385 vita
967 347 1083 385 beata
1112 347 1239 385 datur.

564 412 658 452 Non
689 413 804 451 decet
834 412 874 449 in
904 424 994 461 rege
1023 412 1133 462 quod
1163 425 1275 450 mens
1306 411 1501 451 contraria
1530 412 1655 452 forme

566 480 636 527 Sit,
665 485 724 517 set
752 478 803 516 ab
833 476 995 516 interius
1026 477 1217 516 exteriora
1245 491 1365 528 regas.

621 543 701 592 Qui
730 542 803 582 tibi
831 555 950 593 regna
978 542 1076 591 tulit,
1108 544 1173 581 alii
1203 556 1284 593 quo
1313 551 1352 583 te
1381 550 1627 592 venerantur,

565 611 663 656 Rex,
695 608 735 646 in
765 609 917 647 honore
945 608 1010 647 dei
1034 609 1086 648 da
1114 615 1181 647 tua
1211 617 1301 648 vota
1329 609 1419 648 deo.

566 675 646 723 Qui
677 675 764 723 pius
794 681 853 712 est
883 675 1025 722 Cristo,
1057 675 1137 725 regi
1167 675 1289 712 nichil
1318 675 1462 725 ingruit
1491 675 1627 722 hostis,

568 739 736 778 Subdita
765 740 921 778 fortune
950 753 1032 778 sors
1061 741 1184 790 magis
1214 741 1337 779 immo
1366 741 1486 780 fauet.

568 806 608 843 Si
638 805 749 854 cupis
778 811 818 843 vt
848 805 1013 843 timeant
1042 806 1175 844 hostes
1204 812 1271 844 tua
1300 813 1442 856 ceptra,
1475 806 1633 855 superni

570 870 717 920 Ceptra
745 870 809 909 dei
838 871 988 918 timeas,
1019 877 1143 921 tuque
1170 871 1372 910 timendus
1401 872 1499 910 eris:

571 936 628 974 Sit
657 935 728 974 tibi
758 936 1019 974 celsithronus
1049 937 1286 975 metuendus
1316 936 1367 975 ab
1396 949 1485 975 arce
1514 937 1708 987 polorum,

571 1001 696 1042 Cuius
725 1001 777 1040 ad
806 1002 1015 1051 imperium
1044 1003 1211 1041 flectitur
1239 1015 1360 1041 omne
1387 1015 1505 1052 genu.

572 1067 655 1105 Hic
683 1067 769 1115 ruit,
802 1067 954 1115 exaltat,
986 1068 1169 1116 infirmat,
1201 1068 1329 1106 firmat
1359 1074 1398 1107 et
1427 1068 1576 1115 orbem,

573 1133 734 1182 Singula
763 1132 916 1182 fertque
945 1145 1014 1171 sua
1044 1134 1149 1183 regia
1176 1134 1297 1173 corda
1326 1146 1470 1172 manu:

574 1199 657 1236 Hic
687 1204 745 1236 est
774 1210 840 1236 rex
869 1198 909 1236 in
939 1211 1020 1248 quo
1049 1207 1213 1248 regnant
1242 1212 1311 1249 per
1340 1199 1472 1238 secula
1501 1210 1621 1248 regeS‚

575 1264 657 1301 Hic
687 1270 746 1302 est
775 1276 840 1302 rex
869 1265 955 1303 sine
984 1277 1065 1314 quo
1094 1278 1214 1315 regna
1243 1265 1407 1303 subacta
1436 1264 1596 1310 cadunt,

576 1330 658 1367 Hic
687 1336 745 1368 est
774 1342 840 1367 rex
869 1342 938 1380 per
967 1343 1087 1380 quem
1115 1344 1221 1369 mors
1251 1331 1330 1369 fine
1359 1343 1431 1368 suo
1460 1330 1559 1379 rapit
1589 1341 1728 1368 omnes

576 1396 719 1444 Reges,
752 1395 881 1434 reddit
910 1408 978 1434 eos
1006 1395 1160 1434 actibus
1189 1403 1310 1446 atque
1339 1396 1431 1434 suis.

634 1461 805 1509 Magnus
836 1468 917 1499 erat
946 1462 1068 1500 Cesar
1097 1469 1262 1511 totoque
1291 1461 1497 1511 potencior
1526 1460 1634 1508 orbe,

579 1526 699 1563 Nunc
729 1538 848 1575 quem
879 1539 953 1564 nec
982 1527 1156 1565 mundus
1186 1533 1352 1576 ceperat,
1385 1539 1480 1564 vrna
1509 1526 1625 1575 capit.

579 1592 643 1629 Sic
673 1598 710 1629 et
739 1592 965 1630 Alexander
993 1593 1226 1631 fortissimus
1255 1593 1320 1631 ille
1350 1592 1524 1630 Macedo

580 1657 789 1696 Clauditur
816 1664 994 1707 angusto,
1026 1659 1155 1708 puluis
1185 1666 1223 1697 et
1253 1670 1351 1705 ossa,
1383 1658 1496 1696 loco:

581 1723 712 1760 Maior
741 1730 821 1760 erat
850 1736 995 1773 magno
1023 1724 1188 1772 mundo,
1220 1725 1342 1762 modo
1372 1723 1508 1762 nobile
1537 1735 1678 1773 corpus

582 1789 717 1826 Exulis
748 1796 786 1826 et
815 1789 907 1826 victi
936 1789 1021 1827 vilis
1051 1801 1169 1827 arena
1197 1790 1305 1839 tegit.

583 1854 689 1891 Ecce
718 1853 787 1891 diu
815 1866 875 1891 res
905 1854 1013 1892 nulla
1042 1861 1176 1892 manet
1205 1854 1448 1900 mortalibus,
1480 1866 1574 1892 ecce

583 1918 727 1956 Nullus
756 1918 884 1956 honor
913 1919 1107 1968 prohibet,
1139 1919 1261 1969 gloria
1290 1919 1398 1957 nulla
1427 1919 1550 1958 mori:

584 1985 678 2022 Non
709 1990 873 2032 prosunt
902 1984 1116 2034 quicquam
1145 1985 1332 2034 preconia
1361 1996 1461 2022 vana
1490 1983 1663 2033 sepultis,

583 2050 790 2098 Torquent
818 2049 991 2087 famosos
1020 2055 1162 2087 tartara
1190 2062 1284 2099 sepe
1313 2062 1411 2088 reos.

585 2115 621 2153 O
652 2114 703 2152 de
731 2115 934 2163 preteritis,
967 2115 1030 2164 pie
1059 2127 1135 2163 rex,
1167 2128 1385 2154 memorare
1414 2116 1553 2161 futura,

585 2181 636 2218 Et
665 2186 803 2229 reputa
830 2180 988 2217 firmum
1018 2180 1127 2230 quod
1156 2181 1205 2218 sit
1234 2181 1274 2218 in
1304 2180 1401 2219 orbe
1430 2180 1573 2217 nichil:

587 2246 773 2294 Cumque
801 2244 872 2282 tibi
903 2245 1079 2294 spacium
1110 2246 1188 2284 vite
1217 2246 1452 2284 conceditur
1481 2245 1610 2290 huius,

585 2311 751 2360 Semper
780 2310 831 2348 ad
860 2322 980 2348 omne
1009 2309 1161 2348 bonum
1191 2310 1281 2348 viue
1310 2317 1466 2360 paratus
1497 2322 1607 2359 opus.

586 2375 776 2414 Subditus
806 2382 891 2414 esto
919 2375 1007 2423 deo,
1039 2375 1071 2413 si
1101 2381 1143 2413 tu
1173 2375 1229 2413 vis
1258 2375 1415 2413 vincere
1444 2375 1663 2413 mundum:

589 2441 669 2489 Qui
700 2441 829 2480 Cristo
860 2441 989 2488 seruit,
1022 2441 1171 2490 optima
1201 2452 1319 2489 regna
1348 2440 1457 2490 regit.

1841 363 1928 396 1090

1851 1015 1935 1037 1100

1856 1670 1942 1693 1110

1860 2324 1946 2346 1120

527 2587 605 2622 Hic
630 2588 808 2631 loquitur
833 2588 1013 2632 qualiter
1037 2598 1111 2623 rex
1136 2587 1180 2621 in
1210 2586 1389 2622 caritate
1414 2587 1479 2627 dei
1505 2588 1548 2622 et
1577 2585 1756 2631 proximi
1785 2584 1947 2625 vinens,

482 2648 629 2680 contra
655 2647 1017 2690 superuenientem
1042 2647 1228 2687 mortem,
1247 2655 1325 2689 que
1351 2646 1455 2679 nulli
1481 2645 1618 2689 parcit
1642 2644 1745 2688 regi,
1763 2643 1874 2678 omni
1900 2652 1947 2677 se

483 2704 605 2739 debet
622 2705 847 2748 diligencia
865 2705 1099 2750 prouidere.

317 2788 444 2835 Capul.
471 2786 554 2823 xvii.

643 2785 794 2825 Omnes
824 2787 875 2825 de
904 2793 1030 2825 morte
1059 2785 1193 2824 statuit
1222 2792 1361 2823 natura
1389 2785 1537 2832 timere,

930 2899 1010 2939 Cap.
1031 2899 1110 2931 xvii.
1127 2898 1285 2940 Heading
1302 2909 1315 2930 1
1335 2899 1368 2929 in
1387 2908 1450 2930 om.
1469 2898 1497 2930 C
