2121 3173
631 240 862 282 TERCIA
893 240 1049 282 PARS
1591 254 1667 293 331

212 348 306 386 Hoc
335 348 483 386 factum
513 346 612 397 regis
641 347 714 386 fuit
741 347 1021 386 abhominacio
1050 347 1155 398 legis,
1592 353 1729 388 ceptum
1803 350 2003 399 continuare

212 413 305 461 Quo
334 412 492 451 fremuit
521 420 625 452 certe
654 415 835 464 populus,
867 421 926 452 set
954 415 1085 452 nullus
1113 420 1274 464 aperte:
1591 397 1709 432 posset
1729 393 1997 434 parliamentum.

213 477 277 516 Sic
307 486 441 516 tamen
470 485 509 516 vt
539 486 656 517 staret
685 486 724 517 et
751 486 930 529 tempora
958 478 1217 526 continuaret,

212 544 300 581 Rex
329 543 404 581 sibi
433 545 592 593 papales
623 544 749 582 bullas
778 544 917 582 habuit
946 544 1135 594 speciales
1150 559 1161 592 5

211 608 252 647 Si
281 607 369 658 quis
398 607 439 646 in
469 615 627 646 extento
656 608 762 658 prius
791 616 858 646 aut
887 617 977 659 post
1005 609 1265 658 parliamento

211 673 321 723 Quid
350 673 597 720 contradicit,
629 673 670 711 in
699 687 791 712 eum
821 674 1024 713 sentencia
1051 674 1154 713 vicit.

206 740 271 778 Ad
301 740 428 777 scelus
459 737 708 788 implendum
737 746 832 777 tunc
861 753 927 778 rex
955 740 1075 778 habet
1104 754 1224 779 omne
1253 739 1486 788 timendum,

210 806 388 854 Excepto
418 803 560 850 Cristo,
592 803 660 853 qui
689 817 771 842 non
800 803 873 842 fuit
901 812 1039 843 auctor
1066 804 1107 842 in
1137 805 1212 844 isto
1228 820 1238 853 ;
1527 823 1569 854 40

209 868 412 919 Quicquid
447 868 553 907 enim
583 868 679 907 dicit
707 870 843 916 clerus,
875 871 1045 920 populus
1075 870 1286 918 maledicit,

210 936 379 973 Inuocat
408 940 447 972 et
477 933 595 973 Cristi
624 933 841 972 vindictam
870 942 1029 984 pectore
1058 934 1167 974 tristi.

206 1001 308 1038 Inde
337 1006 396 1038 set
426 998 571 1037 oblitus
601 1012 666 1037 rex
695 999 854 1049 pestifer
882 1001 955 1039 hos
985 1000 1059 1038 sibi
1088 1000 1194 1048 ritus,

205 1067 318 1115 Quos
347 1064 455 1115 prius
486 1064 612 1115 elegit,
646 1065 859 1104 maledicto
888 1066 967 1104 fine
996 1066 1145 1117 peregit
1161 1081 1172 1115 ;

205 1131 426 1177 Consensu,
458 1137 578 1177 tactu,
609 1129 695 1168 visu
725 1144 802 1180 que
831 1131 999 1169 ferocior
1026 1139 1117 1170 actu

206 1197 255 1234 In
284 1209 448 1245 regnum
478 1194 589 1242 seuit,
622 1195 689 1245 qui
717 1202 807 1245 post
836 1209 907 1233 sua
935 1195 1100 1235 crimina
1128 1197 1262 1236 fleuit:

205 1263 296 1310 Que
325 1274 419 1299 non
447 1259 632 1299 audiuit
661 1260 799 1308 auris,
831 1274 904 1299 nec
934 1275 1002 1300 cor
1030 1264 1135 1300 mala
1163 1262 1288 1310 sciuit,

204 1325 349 1365 Tristia
376 1325 584 1373 coniectat,
615 1328 808 1376 populum
837 1340 917 1377 quo
947 1329 1111 1378 perdere
1141 1336 1302 1378 spectat.

259 1392 376 1432 Carte
406 1391 629 1429 scribuntur
657 1399 696 1430 et
724 1391 764 1429 in
795 1392 905 1430 omni
933 1400 1042 1443 parte
1071 1395 1263 1444 leguntur,

203 1459 372 1507 Hasque
402 1456 558 1507 sigillari
586 1456 696 1495 iubet
725 1457 910 1496 omnibus
940 1466 978 1496 et
1007 1459 1205 1497 venerari:
1528 1476 1569 1507 50
1606 1464 1724 1513 ‘Nota
1741 1464 1784 1495 de
1800 1465 1917 1514 primis
1928 1475 1998 1496 car-

204 1521 361 1561 Perficit
390 1523 467 1560 hoc
497 1523 633 1569 clerus
666 1521 698 1560 si
727 1523 857 1561 debeo
886 1523 1018 1562 dicere
1044 1537 1158 1562 verus
1589 1513 2000 1591 ξξέῐξὲἒιζρῗὲἰξῗὲῒξὲ

203 1586 363 1634 Nescio,
395 1594 453 1625 set
481 1594 618 1637 gentes
648 1600 718 1625 sua
744 1595 835 1626 sunt
865 1590 1044 1639 exempla
1073 1596 1310 1639 sequentes3
1589 1595 1700 1645 clerus
1726 1597 2000 1646 quam-pupulus

203 1651 350 1691 Nescia
377 1652 489 1702 plebs
519 1651 625 1702 legis,
658 1653 754 1691 dum
784 1661 913 1703 sperat
942 1654 1092 1705 premia
1121 1654 1231 1706 regis,
1588 1640 1775 1713 {23mess
1813 1639 2000 1714 ἓὲῗέῧῖἐξέ

201 1719 256 1756 Vt
284 1718 501 1765 dicebatur,
532 1719 584 1757 ad
613 1718 718 1769 regia
746 1718 851 1757 iussa
879 1727 1046 1769 paratur.
1588 1737 1651 1757 rex
1678 1727 1787 1757 varias
1817 1728 1916 1775 regni
1947 1728 1999 1758 sui

204 1783 323 1832 Vrbs,
350 1797 441 1834 ager
470 1791 509 1822 et
537 1783 629 1822 villa
657 1783 772 1821 cartis
801 1797 968 1834 posuere
998 1784 1132 1834 sigilla,
1588 1771 1724 1846 ξῗὲζζῇῗ
1735 1770 1915 1811 spoliando
1938 1772 1998 1802 de-

203 1849 296 1896 Quo
326 1850 449 1898 magis
479 1850 529 1887 ad
559 1850 726 1898 plenum
756 1849 1026 1899 conspergitur
1055 1863 1175 1888 omne
1203 1863 1428 1888 venenum:

203 1914 366 1951 Fallitur
394 1926 441 1952 ex
470 1915 537 1952 illo
567 1912 757 1964 quisquis,
787 1926 879 1951 cum
909 1915 1020 1951 firma
1049 1914 1175 1964 sigillo

203 1979 332 2028 Culpa
360 1980 599 2027 recordetur,
630 1993 708 2029 qua
737 1978 914 2029 proditor
941 1979 1070 2017 omnis
1099 1979 1277 2018 habetur.

205 2045 309 2084 Cum
338 2046 394 2083 sic
423 2046 593 2094 quisque
621 2052 745 2083 status
775 2045 823 2083 sit
851 2044 892 2082 in
921 2044 995 2083 hiis
1024 2044 1138 2083 cartis
1167 2044 1342 2092 viciatus,

204 2111 259 2147 Vt
287 2109 442 2148 veniam
472 2116 601 2160 portet
630 2109 704 2148 sibi
735 2111 888 2148 soluere
918 2109 1108 2160 quicquid
1138 2117 1293 2160 oportet
1308 2125 1318 2158 ;
1524 2118 1567 2148 60

204 2176 320 2213 Tunc
348 2182 547 2213 exactores
578 2175 732 2213 baratro
762 2175 884 2225 magis
912 2175 1108 2214 auidiores

204 2240 432 2278 Absoluunt
461 2248 609 2290 gentes,
642 2253 781 2290 pacem
810 2240 922 2291 quasi
951 2240 1028 2279 sint
1056 2240 1306 2280 redimentes.

206 2307 297 2344 Hec
326 2313 384 2344 set
413 2307 566 2344 cautela
593 2307 715 2344 nichil
744 2314 802 2345 est
831 2305 906 2344 nisi
935 2307 1026 2344 ficta
1054 2308 1219 2353 medela,

205 2371 311 2408 Nam
341 2369 462 2420 magis
492 2370 653 2408 insanus
684 2378 759 2409 stat
788 2371 950 2409 morbus
980 2370 1202 2409 cotidianus
1218 2385 1228 2418 3

206 2436 293 2473 Rex
321 2437 512 2485 populum
541 2435 690 2486 pressit,
723 2443 761 2475 et
789 2436 840 2474 ab
870 2436 963 2475 inde
992 2435 1194 2486 quiescere
1224 2435 1359 2483 nescit,

205 2500 369 2549 Semper
396 2500 582 2547 turbatur,
614 2513 768 2551 semper
797 2514 867 2539 sua
895 2514 1014 2550 regna
1042 2499 1223 2537 minatur.

262 2565 357 2602 Post
385 2563 528 2614 primas
561 2572 684 2604 cartas
713 2565 807 2603 alias
837 2564 971 2603 statuit
1000 2564 1123 2614 magis
1152 2572 1264 2611 artas,

206 2631 273 2667 Set
302 2630 353 2667 de
382 2628 571 2679 scriptura
600 2629 726 2680 patuit
754 2644 835 2668 non
864 2643 941 2668 vna
970 2631 1102 2680 figura.
1633 2637 1723 2686 Nota
1755 2638 1798 2668 de
1833 2639 1996 2670 secundis

206 2696 293 2732 Has
323 2693 448 2732 eciam
478 2693 577 2732 villis
606 2694 715 2733 iubet
743 2696 934 2733 affirmare
963 2694 1095 2744 sigillis
1111 2709 1120 2741 3
1587 2685 1798 2755 {affl-esque
1811 2681 1995 2766 νξῗὲἓξίῗὲτ

206 2758 344 2808 Qualis
374 2758 462 2796 finis
491 2759 562 2797 erit
590 2759 766 2809 quisquis
795 2761 869 2798 sub
899 2773 1098 2798 murmure
1128 2758 1253 2810 querit
1268 2774 1278 2807 ,-
1527 2775 1567 2810 70
1586 2772 1835 2809 nuncupantur.

207 2826 257 2863 Et
287 2823 342 2863 sic
372 2825 498 2863 velata
526 2824 624 2863 facie
651 2825 761 2875 plebs
790 2825 1010 2875 illaqueata,

704 2902 746 2941 69
762 2902 908 2933 affirmare
927 2901 953 2932 C
