2095 3173
371 526 501 574 Capm.

370 784 500 832 Capm.

372 978 501 1026 (japm.

374 1234 505 1284 Capm.

374 1364 503 1413 Capm.

523 538 557 562 X.

523 783 569 820 xi.

905 220 1035 262 VOX
1081 216 1442 260 CLAMANTIS

587 341 678 379 pare
705 327 779 367 sibi
806 329 980 377 regimen
1008 327 1047 364 in
1076 325 1351 375 spiritualibus,
1375 324 1427 361 ita
1455 335 1529 361 nec
1556 322 1672 361 decet
1692 321 1784 359 cleri
1804 320 1974 370 prelatos

585 401 819 443 attemptare
846 392 920 431 sibi
947 403 1105 441 guerras
1133 397 1172 428 et
1198 389 1426 427 huiusmodi
1457 387 1698 437 temporalia,
1728 398 1806 436 que
1835 385 1975 424 mundi

586 458 771 508 superbia
790 464 829 496 et
848 456 1017 494 auaricia
1038 455 1242 493 inducunt.

591 525 673 562 Hic
694 522 821 573 querit
842 521 962 571 quod,
985 532 1115 570 exquo
1135 519 1272 569 prelati
1294 518 1470 557 scribunt
1490 524 1529 556 et
1549 517 1696 555 docent
1716 528 1762 554 ea
1781 528 1859 565 que
1885 522 1977 552 sunt

586 589 705 638 pacis,
728 586 933 636 quomodo
960 586 1000 622 in
1027 585 1266 623 contrarium
1295 596 1341 623 ea
1369 596 1447 633 que
1474 589 1566 621 sunt
1594 581 1685 620 belli
1707 587 1918 630 procurant
1939 587 1977 617 et

585 659 807 702 operantur.
863 651 928 689 Ad
962 662 1082 700 quam
1120 656 1253 688 tamen
1292 649 1556 699 questionem,
1579 647 1662 697 ipse
1691 645 1979 695 subsequenter

587 717 812 767 respondet.

604 782 685 820 Hic
714 781 888 831 loquitur
917 781 968 819 de
997 781 1154 829 prelatis
1189 780 1274 826 illis,
1307 779 1374 828 qui
1404 790 1552 817 nomen
1583 783 1763 815 sanctum
1793 773 1867 813 sibi
1897 786 1979 823 pre·

586 852 760 893 sumunt,
797 845 1024 894 apropriant
1057 851 1191 883 tamen
1227 843 1301 881 sibi
1342 850 1505 890 terrena,
1542 854 1616 880 nec
1653 841 1737 879 aliis
1771 840 1864 878 inde
1898 851 1980 888 par-

587 911 792 961 ticipando
814 923 861 949 ex
881 910 1041 948 caritate
1062 909 1316 947 subueniunt.

523 976 586 1015 xii.
619 977 701 1014 Hic
728 975 903 1025 loquitur
929 975 979 1013 de
1007 974 1183 1012 Simonia
1212 974 1463 1023 prelatorum,
1485 978 1524 1010 et
1550 971 1715 1021 qualiter
1734 970 1789 1008 hii
1810 969 1980 1016 delicati,

589 1041 767 1079 dicentes
795 1050 836 1078 se
861 1052 947 1078 esse
974 1039 1193 1086 ecclesiam,
1217 1039 1302 1076 aliis
1328 1038 1507 1088 grauiora
1533 1037 1756 1086 imponunt,
1778 1042 1816 1081 et
1835 1034 1981 1072 multo-

589 1106 697 1144 ciens
713 1105 764 1143 de
780 1116 946 1143 censura
961 1102 1135 1142 horribili
1152 1103 1273 1141 laicos
1290 1115 1360 1152 pro
1381 1102 1541 1141 modico
1559 1102 1780 1151 impetuose
1796 1106 1981 1149 torquent

589 1177 626 1208 et
647 1169 843 1208 infestant.

526 1234 602 1273 xiii.
636 1235 718 1271 Hic
738 1234 912 1283 loquitur
932 1233 1099 1283 qualiter
1119 1233 1289 1282 prelatus
1311 1244 1391 1271 non
1414 1232 1543 1270 solum
1571 1231 1752 1269 doctrina
1778 1236 1836 1268 set
1862 1229 1981 1268 etiam

590 1299 707 1337 bonis
727 1298 881 1337 actibus
901 1299 1052 1348 populo
1073 1298 1145 1336 sibi
1168 1298 1383 1336 commisso
1404 1298 1534 1335 lucere
1555 1296 1730 1335 deberet.

526 1364 616 1402 xiiii.
650 1364 733 1401 Hic
752 1364 926 1413 loquitur
947 1363 1114 1413 qualiter
1135 1363 1244 1412 signa
1264 1362 1468 1400 Anticristi
1495 1362 1535 1399 in
1560 1361 1679 1401 Curia
1696 1361 1880 1399 Romana
1900 1370 1983 1408 pre-

590 1429 707 1478 cipue
727 1441 774 1466 ex
794 1429 965 1466 auaricia
986 1428 1207 1467 secundum
1229 1428 1425 1477 quosdam
1445 1433 1721 1476 apparuerunt.

375 1496 506 1544 Capm.
528 1507 586 1532 xv.
621 1494 702 1531 Hic
729 1494 903 1543 loquitur
930 1493 1150 1532 secundum
1179 1505 1394 1531 commune
1424 1492 1587 1536 dictum,
1616 1482 1783 1540 qualiter
1811 1490 1983 1527 honores

590 1565 629 1597 et
656 1571 739 1596 non
766 1570 886 1596 onera
913 1558 1082 1607 prelacie
1109 1558 1239 1607 plures
1266 1557 1463 1603 affectant,
1492 1568 1573 1605 quo
1600 1555 1724 1604 magis
1752 1555 1792 1591 in
1818 1553 1984 1592 ecclesia

592 1630 749 1662 cessant
768 1623 943 1670 virtutes,
966 1629 1004 1661 et
1025 1623 1124 1661 vicia
1145 1622 1412 1671 multipliciter
1436 1628 1678 1659 accrescunt.

377 1690 509 1738 Capm.
531 1689 603 1726 xvi.
638 1690 854 1737 Postquam
885 1688 1036 1726 dictum
1066 1695 1125 1727 est
1155 1688 1206 1726 de
1236 1688 1310 1725 illis
1340 1687 1407 1737 qui
1438 1693 1565 1725 errant
1595 1686 1634 1723 in
1670 1691 1773 1723 statu
1802 1684 1982 1734 prelacie,

591 1753 808 1791 dicendum
835 1760 893 1791 est
920 1753 971 1791 de
997 1765 1126 1792 errore
1150 1760 1385 1798 curatorum,
1407 1752 1475 1801 qui
1496 1750 1570 1790 sub
1592 1751 1748 1801 prelatis
1769 1749 1982 1796 constituti,

591 1818 866 1867 parochiarum
882 1830 994 1856 curas
1010 1818 1085 1856 sub
1100 1818 1321 1856 animarum
1342 1830 1499 1855 suarum
1521 1816 1696 1866 periculo
1717 1815 1983 1861 admittentes,

593 1883 836 1932 negligenter
862 1883 1074 1922 omittunt:
1099 1890 1137 1922 et
1163 1883 1292 1933 primo
1321 1883 1491 1920 intendit
1518 1882 1649 1921 dicere
1676 1881 1726 1919 de
1747 1881 1890 1918 curatis
1911 1880 1985 1918 illis

593 1948 660 1997 qui
695 1960 785 1986 suas
820 1960 932 1986 curas
967 1949 1196 1987 omittentes
1231 1949 1282 1987 ad
1317 1948 1573 1986 seruiendum
1607 1954 1835 1996 magnatum
1869 1945 1985 1983 curiis

593 2013 797 2051 adherent.
1723 2006 1729 2013 ⁸

379 2077 510 2127 Capm.
533 2078 618 2115 xvii.
653 2079 734 2115 Hic
761 2079 935 2126 loquitur
963 2079 1013 2116 de
1040 2078 1257 2116 rectoribus
1286 2079 1372 2126 illis,
1402 2078 1468 2127 qui
1498 2077 1549 2116 ab
1579 2077 1768 2127 episcopo
1798 2076 1986 2114 licentiati

594 2153 636 2180 se
666 2141 819 2191 fingunt
853 2142 908 2181 ire
937 2143 1074 2190 scolas,
1097 2149 1136 2181 vt
1166 2141 1240 2180 sub
1271 2143 1433 2181 nomine
1461 2142 1613 2180 virtutis
1643 2141 1741 2179 vicia
1770 2140 1987 2190 corporalia

595 2206 858 2255 frequentent.

380 2272 512 2320 Capm.
532 2271 633 2308 xviii.
668 2271 749 2309 Hic
770 2271 943 2320 loquitur
960 2271 1010 2310 de
1026 2271 1244 2310 rectoribus
1266 2272 1351 2319 illis,
1371 2271 1439 2320 qui
1456 2272 1495 2308 in
1509 2272 1611 2309 curis
1628 2271 1856 2317 residentes,
1875 2281 1986 2308 curas

597 2343 730 2374 tamen
752 2336 1005 2385 negligentes,
1029 2336 1314 2375 venacionibus
1329 2336 1515 2386 precipue
1536 2342 1575 2374 et
1594 2335 1864 2384 voluptatibus
1881 2335 1987 2384 peni-

598 2408 661 2439 tus
682 2401 905 2439 intendunt.

384 2468 513 2516 Capm.
537 2467 609 2504 xix.
644 2467 724 2503 Hic
745 2467 919 2515 loquitur
939 2466 990 2504 de
1017 2466 1234 2505 rectoribus
1255 2467 1295 2503 in
1322 2467 1425 2504 curis
1454 2465 1730 2512 residentibus,
1759 2465 1826 2514 qui
1853 2472 1986 2503 tamen

598 2544 711 2569 curas
745 2532 967 2569 animarum
1002 2532 1243 2579 omittentes,
1275 2532 1386 2581 quasi
1416 2532 1538 2570 seculi
1568 2538 1805 2569 mercatores
1835 2530 1987 2579 singula

600 2597 650 2635 de
671 2597 735 2635 die
756 2597 796 2634 in
818 2597 924 2635 diem
945 2598 1177 2646 temporalia
1198 2603 1376 2635 ementes
1396 2603 1435 2636 et
1454 2597 1686 2643 vendentes,
1709 2595 1849 2634 mundi
1871 2595 1986 2632 huius

599 2662 763 2700 diuicias
783 2663 1007 2711 adquirunt.

386 2728 514 2777 Capm.
539 2740 596 2764 xx.
629 2727 846 2775 Postquam
868 2727 1019 2765 dictum
1040 2734 1098 2765 est
1119 2727 1169 2765 de
1189 2739 1317 2765 errore
1334 2727 1489 2764 illorum
1510 2726 1577 2776 qui
1595 2726 1634 2763 in
1655 2725 1821 2764 ecclesia
1841 2723 1986 2762 benefi—

600 2792 689 2829 ciati
720 2792 903 2839 existunt,
935 2793 1012 2830 iam
1037 2792 1251 2830 dicendum
1282 2798 1340 2830 est
1369 2792 1420 2830 de
1449 2790 1674 2840 presbiteris
1701 2789 1988 2840 stipendiariis3

877 2878 930 2900 xv.
950 2877 962 2898 1
989 2867 1151 2908 qualiter]
1170 2867 1313 2898 finaliter
1327 2867 1416 2907 quod
1434 2867 1496 2898 ED
