<?xml version="1.0" encoding="UTF-8"?>
<!DOCTYPE html PUBLIC "-//W3C//DTD XHTML 1.0 Transitional//EN"
    "http://www.w3.org/TR/xhtml1/DTD/xhtml1-transitional.dtd">
<html xmlns="http://www.w3.org/1999/xhtml" xml:lang="en" lang="en">
 <head>
  <title>
</title>
<meta http-equiv="Content-Type" content="text/html;charset=utf-8" />
  <meta name='ocr-system' content='tesseract 3.04.00' />
  <meta name='ocr-capabilities' content='ocr_page ocr_carea ocr_par ocr_line ocrx_word'/>
</head>
<body>
  <div class='ocr_page' id='page_1' title='image "./completeworksofj04gowe_0415.png"; bbox 0 0 2095 3173; ppageno 0'>
   <div class='ocr_carea' id='block_1_1' title="bbox 0 0 50 3173">
    <p class='ocr_par' dir='ltr' id='par_1_1' title="bbox 0 0 50 3173">
     <span class='ocr_line' id='line_1_1' title="bbox 0 0 50 3173; baseline 0 0"><span class='ocrx_word' id='word_1_1' title='bbox 0 0 50 3173; x_wconf 95' lang='lat' dir='ltr'> </span> 
     </span>
    </p>
   </div>
   <div class='ocr_carea' id='block_1_2' title="bbox 652 222 1659 276">
    <p class='ocr_par' dir='ltr' id='par_1_2' title="bbox 652 222 1659 276">
     <span class='ocr_line' id='line_1_2' title="bbox 652 222 1659 276; baseline -0.004 -10"><span class='ocrx_word' id='word_1_2' title='bbox 652 224 841 266; x_wconf 84' lang='lat' dir='ltr'>LIBER</span> <span class='ocrx_word' id='word_1_3' title='bbox 882 222 1196 266; x_wconf 80' lang='lat' dir='ltr'>SEPTIMUS</span> <span class='ocrx_word' id='word_1_4' title='bbox 1579 236 1659 276; x_wconf 80' lang='lat'>307</span> 
     </span>
    </p>
   </div>
   <div class='ocr_carea' id='block_1_3' title="bbox 300 332 1663 2976">
    <p class='ocr_par' dir='ltr' id='par_1_3' title="bbox 300 332 1663 2976">
     <span class='ocr_line' id='line_1_3' title="bbox 302 332 1257 383; baseline -0.002 -12"><span class='ocrx_word' id='word_1_5' title='bbox 302 333 422 371; x_wconf 90' lang='lat' dir='ltr'>Nunc</span> <span class='ocrx_word' id='word_1_6' title='bbox 450 345 570 383; x_wconf 87' lang='lat' dir='ltr'>vagus</span> <span class='ocrx_word' id='word_1_7' title='bbox 600 332 767 371; x_wconf 86' lang='lat' dir='ltr'>exterius</span> <span class='ocrx_word' id='word_1_8' title='bbox 797 332 933 370; x_wconf 87' lang='lat' dir='ltr'><strong>circuit</strong></span> <span class='ocrx_word' id='word_1_9' title='bbox 962 344 1081 370; x_wconf 88' lang='lat' dir='ltr'>omne</span> <span class='ocrx_word' id='word_1_10' title='bbox 1110 342 1257 380; x_wconf 87' lang='lat' dir='ltr'>genus:</span> 
     </span>
     <span class='ocr_line' id='line_1_4' title="bbox 302 394 1219 448; baseline -0.003 -12"><span class='ocrx_word' id='word_1_11' title='bbox 302 399 468 437; x_wconf 87' lang='lat' dir='ltr'>Dudum</span> <span class='ocrx_word' id='word_1_12' title='bbox 497 398 702 448; x_wconf 87' lang='lat' dir='ltr'>presbiteri</span> <span class='ocrx_word' id='word_1_13' title='bbox 732 398 840 445; x_wconf 89' lang='lat' dir='ltr'>casti,</span> <span class='ocrx_word' id='word_1_14' title='bbox 872 410 978 435; x_wconf 87' lang='lat' dir='ltr'>nunc</span> <span class='ocrx_word' id='word_1_15' title='bbox 1008 394 1219 443; x_wconf 79' lang='lat' dir='ltr'>luxuriosi3</span> 
     </span>
     <span class='ocr_line' id='line_1_5' title="bbox 300 461 1663 514; baseline -0.005 -11"><span class='ocrx_word' id='word_1_16' title='bbox 300 463 400 503; x_wconf 88' lang='lat' dir='ltr'>Ocia</span> <span class='ocrx_word' id='word_1_17' title='bbox 428 476 506 514; x_wconf 90' lang='lat' dir='ltr'>que</span> <span class='ocrx_word' id='word_1_18' title='bbox 534 470 702 513; x_wconf 86' lang='lat' dir='ltr'>querunt</span> <span class='ocrx_word' id='word_1_19' title='bbox 730 463 897 512; x_wconf 88' lang='lat' dir='ltr'>plurima</span> <span class='ocrx_word' id='word_1_20' title='bbox 924 462 1097 511; x_wconf 90' lang='lat' dir='ltr'>dampna</span> <span class='ocrx_word' id='word_1_21' title='bbox 1126 461 1284 499; x_wconf 88' lang='lat' dir='ltr'>fouent:</span> <span class='ocrx_word' id='word_1_22' title='bbox 1579 474 1663 504; x_wconf 85' lang='lat'>1250</span> 
     </span>
     <span class='ocr_line' id='line_1_6' title="bbox 302 526 1281 572; baseline -0.003 -6"><span class='ocrx_word' id='word_1_23' title='bbox 302 530 362 567; x_wconf 85' lang='lat' dir='ltr'>Ex</span> <span class='ocrx_word' id='word_1_24' title='bbox 393 529 525 567; x_wconf 89' lang='lat' dir='ltr'>studio</span> <span class='ocrx_word' id='word_1_25' title='bbox 555 541 684 567; x_wconf 91' lang='lat' dir='ltr'>mores</span> <span class='ocrx_word' id='word_1_26' title='bbox 715 528 868 566; x_wconf 89' lang='lat' dir='ltr'>dudum</span> <span class='ocrx_word' id='word_1_27' title='bbox 899 526 1072 565; x_wconf 82' lang='lat' dir='ltr'>didicere</span> <span class='ocrx_word' id='word_1_28' title='bbox 1102 526 1281 572; x_wconf 87' lang='lat' dir='ltr'>scolares,</span> 
     </span>
     <span class='ocr_line' id='line_1_7' title="bbox 304 592 1205 632; baseline -0.002 0"><span class='ocrx_word' id='word_1_29' title='bbox 304 595 422 632; x_wconf 90' lang='lat' dir='ltr'>Nunc</span> <span class='ocrx_word' id='word_1_30' title='bbox 451 600 585 632; x_wconf 90' lang='lat' dir='ltr'>tamen</span> <span class='ocrx_word' id='word_1_31' title='bbox 615 600 775 632; x_wconf 89' lang='lat' dir='ltr'>econtra</span> <span class='ocrx_word' id='word_1_32' title='bbox 805 599 879 630; x_wconf 87' lang='lat' dir='ltr'>stat</span> <span class='ocrx_word' id='word_1_33' title='bbox 908 593 1048 630; x_wconf 86' lang='lat' dir='ltr'>viciata</span> <span class='ocrx_word' id='word_1_34' title='bbox 1077 592 1205 630; x_wconf 86' lang='lat' dir='ltr'>scola:</span> 
     </span>
     <span class='ocr_line' id='line_1_8' title="bbox 302 656 1399 703; baseline -0.003 -6"><span class='ocrx_word' id='word_1_35' title='bbox 302 659 505 698; x_wconf 89' lang='lat' dir='ltr'>Indiuisus</span> <span class='ocrx_word' id='word_1_36' title='bbox 535 672 646 697; x_wconf 88' lang='lat' dir='ltr'>amor</span> <span class='ocrx_word' id='word_1_37' title='bbox 674 659 892 697; x_wconf 89' lang='lat' dir='ltr'>monachos</span> <span class='ocrx_word' id='word_1_38' title='bbox 923 657 996 695; x_wconf 89' lang='lat' dir='ltr'>sibi</span> <span class='ocrx_word' id='word_1_39' title='bbox 1026 657 1176 695; x_wconf 87' lang='lat' dir='ltr'>strinxit</span> <span class='ocrx_word' id='word_1_40' title='bbox 1205 663 1245 695; x_wconf 92' lang='lat' dir='ltr'>vt</span> <span class='ocrx_word' id='word_1_41' title='bbox 1273 656 1399 703; x_wconf 88' lang='lat' dir='ltr'>ardor,</span> 
     </span>
     <span class='ocr_line' id='line_1_9' title="bbox 303 724 1202 774; baseline -0.002 -12"><span class='ocrx_word' id='word_1_42' title='bbox 303 725 422 762; x_wconf 92' lang='lat' dir='ltr'>Nunc</span> <span class='ocrx_word' id='word_1_43' title='bbox 451 725 548 774; x_wconf 87' lang='lat' dir='ltr'>petit</span> <span class='ocrx_word' id='word_1_44' title='bbox 576 724 728 762; x_wconf 90' lang='lat' dir='ltr'>inuidia</span> <span class='ocrx_word' id='word_1_45' title='bbox 748 725 915 762; x_wconf 86' lang='lat' dir='ltr'>claustra</span> <span class='ocrx_word' id='word_1_46' title='bbox 944 730 1078 762; x_wconf 91' lang='lat' dir='ltr'>tenere</span> <span class='ocrx_word' id='word_1_47' title='bbox 1107 735 1202 760; x_wconf 89' lang='lat' dir='ltr'>sua:</span> 
     </span>
     <span class='ocr_line' id='line_1_10' title="bbox 302 786 1297 839; baseline -0.003 -11"><span class='ocrx_word' id='word_1_48' title='bbox 302 790 504 839; x_wconf 82' lang='lat' dir='ltr'>Asperitas</span> <span class='ocrx_word' id='word_1_49' title='bbox 533 790 687 828; x_wconf 89' lang='lat' dir='ltr'>dudum</span> <span class='ocrx_word' id='word_1_50' title='bbox 717 790 851 828; x_wconf 90' lang='lat' dir='ltr'>fratres</span> <span class='ocrx_word' id='word_1_51' title='bbox 881 790 921 826; x_wconf 91' lang='lat' dir='ltr'>in</span> <span class='ocrx_word' id='word_1_52' title='bbox 951 801 1067 827; x_wconf 88' lang='lat' dir='ltr'>carne</span> <span class='ocrx_word' id='word_1_53' title='bbox 1096 786 1297 834; x_wconf 88' lang='lat' dir='ltr'>domabat,</span> 
     </span>
     <span class='ocr_line' id='line_1_11' title="bbox 304 853 1198 905; baseline -0.002 -12"><span class='ocrx_word' id='word_1_54' title='bbox 304 856 457 905; x_wconf 87' lang='lat' dir='ltr'>Regula</span> <span class='ocrx_word' id='word_1_55' title='bbox 488 862 547 894; x_wconf 92' lang='lat' dir='ltr'>set</span> <span class='ocrx_word' id='word_1_56' title='bbox 576 856 705 894; x_wconf 91' lang='lat' dir='ltr'>mollis</span> <span class='ocrx_word' id='word_1_57' title='bbox 736 856 925 893; x_wconf 83' lang='lat' dir='ltr'>ammodo</span> <span class='ocrx_word' id='word_1_58' title='bbox 955 860 1087 904; x_wconf 83' lang='lat' dir='ltr'>parcet</span> <span class='ocrx_word' id='word_1_59' title='bbox 1117 853 1198 892; x_wconf 90' lang='lat' dir='ltr'>eis:</span> 
     </span>
     <span class='ocr_line' id='line_1_12' title="bbox 304 919 1298 970; baseline -0.002 -12"><span class='ocrx_word' id='word_1_60' title='bbox 304 920 470 959; x_wconf 90' lang='lat' dir='ltr'>Dudum</span> <span class='ocrx_word' id='word_1_61' title='bbox 500 920 644 959; x_wconf 81' lang='lat' dir='ltr'>milicia</span> <span class='ocrx_word' id='word_1_62' title='bbox 674 921 746 959; x_wconf 92' lang='lat' dir='ltr'>fuit</span> <span class='ocrx_word' id='word_1_63' title='bbox 775 928 813 959; x_wconf 89' lang='lat' dir='ltr'>et</span> <span class='ocrx_word' id='word_1_64' title='bbox 842 919 916 958; x_wconf 89' lang='lat' dir='ltr'>sibi</span> <span class='ocrx_word' id='word_1_65' title='bbox 948 920 1076 970; x_wconf 80' lang='lat' dir='ltr'>gracia</span> <span class='ocrx_word' id='word_1_66' title='bbox 1105 925 1298 969; x_wconf 88' lang='lat' dir='ltr'>prompta,</span> 
     </span>
     <span class='ocr_line' id='line_1_13' title="bbox 304 984 1224 1035; baseline 0 -12"><span class='ocrx_word' id='word_1_67' title='bbox 304 986 447 1023; x_wconf 82' lang='lat' dir='ltr'>Gracia</span> <span class='ocrx_word' id='word_1_68' title='bbox 476 998 583 1024; x_wconf 91' lang='lat' dir='ltr'>nunc</span> <span class='ocrx_word' id='word_1_69' title='bbox 613 986 723 1024; x_wconf 87' lang='lat' dir='ltr'>tarda</span> <span class='ocrx_word' id='word_1_70' title='bbox 753 992 838 1033; x_wconf 90' lang='lat' dir='ltr'>stat,</span> <span class='ocrx_word' id='word_1_71' title='bbox 870 986 963 1035; x_wconf 84' lang='lat' dir='ltr'>quia</span> <span class='ocrx_word' id='word_1_72' title='bbox 991 985 1069 1023; x_wconf 88' lang='lat' dir='ltr'>vita</span> <span class='ocrx_word' id='word_1_73' title='bbox 1098 984 1224 1023; x_wconf 89' lang='lat' dir='ltr'>mala:</span> 
     </span>
     <span class='ocr_line' id='line_1_14' title="bbox 303 1049 1305 1100; baseline -0.003 -12"><span class='ocrx_word' id='word_1_74' title='bbox 303 1052 503 1089; x_wconf 84' lang='lat' dir='ltr'>Mercator</span> <span class='ocrx_word' id='word_1_75' title='bbox 531 1051 685 1090; x_wconf 88' lang='lat' dir='ltr'>dudum</span> <span class='ocrx_word' id='word_1_76' title='bbox 715 1052 861 1089; x_wconf 89' lang='lat' dir='ltr'>iustum</span> <span class='ocrx_word' id='word_1_77' title='bbox 890 1051 1009 1100; x_wconf 89' lang='lat' dir='ltr'>peciit</span> <span class='ocrx_word' id='word_1_78' title='bbox 1037 1049 1112 1088; x_wconf 86' lang='lat' dir='ltr'>sibi</span> <span class='ocrx_word' id='word_1_79' title='bbox 1141 1051 1305 1095; x_wconf 86' lang='lat' dir='ltr'>lucrum,</span> 
     </span>
     <span class='ocr_line' id='line_1_15' title="bbox 304 1114 1662 1166; baseline -0.004 -12"><span class='ocrx_word' id='word_1_80' title='bbox 304 1116 423 1154; x_wconf 91' lang='lat' dir='ltr'>Nunc</span> <span class='ocrx_word' id='word_1_81' title='bbox 452 1129 612 1166; x_wconf 87' lang='lat' dir='ltr'>quoque</span> <span class='ocrx_word' id='word_1_82' title='bbox 641 1116 778 1154; x_wconf 87' lang='lat' dir='ltr'>fraude</span> <span class='ocrx_word' id='word_1_83' title='bbox 807 1129 876 1154; x_wconf 86' lang='lat' dir='ltr'>sua</span> <span class='ocrx_word' id='word_1_84' title='bbox 905 1115 1032 1165; x_wconf 87' lang='lat' dir='ltr'>querit</span> <span class='ocrx_word' id='word_1_85' title='bbox 1061 1114 1206 1153; x_wconf 90' lang='lat' dir='ltr'>habere</span> <span class='ocrx_word' id='word_1_86' title='bbox 1234 1114 1367 1151; x_wconf 87' lang='lat' dir='ltr'>lucra:</span> <span class='ocrx_word' id='word_1_87' title='bbox 1576 1117 1662 1149; x_wconf 89' lang='lat'><em>1260</em></span> 
     </span>
     <span class='ocr_line' id='line_1_16' title="bbox 302 1178 1192 1230; baseline -0.003 -10"><span class='ocrx_word' id='word_1_88' title='bbox 302 1181 539 1230; x_wconf 86' lang='lat' dir='ltr'>Simplicitas</span> <span class='ocrx_word' id='word_1_89' title='bbox 568 1180 691 1219; x_wconf 90' lang='lat' dir='ltr'>animi</span> <span class='ocrx_word' id='word_1_90' title='bbox 719 1182 843 1219; x_wconf 89' lang='lat' dir='ltr'>fuerat</span> <span class='ocrx_word' id='word_1_91' title='bbox 873 1181 1020 1219; x_wconf 89' lang='lat' dir='ltr'>sociata</span> <span class='ocrx_word' id='word_1_92' title='bbox 1049 1178 1192 1226; x_wconf 91' lang='lat' dir='ltr'>coloni,</span> 
     </span>
     <span class='ocr_line' id='line_1_17' title="bbox 304 1245 1359 1297; baseline -0.003 -13"><span class='ocrx_word' id='word_1_93' title='bbox 304 1247 423 1284; x_wconf 89' lang='lat' dir='ltr'>Nunc</span> <span class='ocrx_word' id='word_1_94' title='bbox 452 1247 575 1297; x_wconf 87' lang='lat' dir='ltr'>magis</span> <span class='ocrx_word' id='word_1_95' title='bbox 605 1247 845 1285; x_wconf 89' lang='lat' dir='ltr'>indomitum</span> <span class='ocrx_word' id='word_1_96' title='bbox 875 1259 942 1284; x_wconf 92' lang='lat' dir='ltr'>cor</span> <span class='ocrx_word' id='word_1_97' title='bbox 969 1245 1068 1296; x_wconf 86' lang='lat' dir='ltr'>gerit</span> <span class='ocrx_word' id='word_1_98' title='bbox 1098 1246 1181 1295; x_wconf 92' lang='lat' dir='ltr'>ipse</span> <span class='ocrx_word' id='word_1_99' title='bbox 1210 1245 1359 1283; x_wconf 89' lang='lat' dir='ltr'>ferum:</span> 
     </span>
     <span class='ocr_line' id='line_1_18' title="bbox 305 1310 1204 1361; baseline -0.002 -11"><span class='ocrx_word' id='word_1_100' title='bbox 305 1313 386 1350; x_wconf 84' lang='lat' dir='ltr'>Lex</span> <span class='ocrx_word' id='word_1_101' title='bbox 414 1312 568 1350; x_wconf 86' lang='lat' dir='ltr'>dudum</span> <span class='ocrx_word' id='word_1_102' title='bbox 597 1313 700 1350; x_wconf 90' lang='lat' dir='ltr'>iusta</span> <span class='ocrx_word' id='word_1_103' title='bbox 729 1310 825 1349; x_wconf 91' lang='lat' dir='ltr'>nulli</span> <span class='ocrx_word' id='word_1_104' title='bbox 854 1311 1039 1361; x_wconf 90' lang='lat' dir='ltr'>parcebat</span> <span class='ocrx_word' id='word_1_105' title='bbox 1066 1310 1204 1358; x_wconf 88' lang='lat' dir='ltr'>amica,</span> 
     </span>
     <span class='ocr_line' id='line_1_19' title="bbox 305 1375 1205 1428; baseline 0 -14"><span class='ocrx_word' id='word_1_106' title='bbox 305 1377 437 1426; x_wconf 89' lang='lat' dir='ltr'>Quam</span> <span class='ocrx_word' id='word_1_107' title='bbox 467 1378 575 1427; x_wconf 86' lang='lat' dir='ltr'>vigor</span> <span class='ocrx_word' id='word_1_108' title='bbox 603 1377 752 1428; x_wconf 88' lang='lat' dir='ltr'>argenti</span> <span class='ocrx_word' id='word_1_109' title='bbox 782 1377 916 1415; x_wconf 90' lang='lat' dir='ltr'>subdit</span> <span class='ocrx_word' id='word_1_110' title='bbox 944 1377 1090 1426; x_wconf 84' lang='lat' dir='ltr'>vbique</span> <span class='ocrx_word' id='word_1_111' title='bbox 1120 1375 1205 1414; x_wconf 87' lang='lat' dir='ltr'>sibi.</span> 
     </span>
     <span class='ocr_line' id='line_1_20' title="bbox 305 1441 1311 1492; baseline -0.004 -11"><span class='ocrx_word' id='word_1_112' title='bbox 305 1443 379 1480; x_wconf 88' lang='lat' dir='ltr'>Par</span> <span class='ocrx_word' id='word_1_113' title='bbox 409 1450 530 1481; x_wconf 88' lang='lat' dir='ltr'>status</span> <span class='ocrx_word' id='word_1_114' title='bbox 560 1442 775 1492; x_wconf 89' lang='lat' dir='ltr'>imparibus</span> <span class='ocrx_word' id='word_1_115' title='bbox 805 1449 863 1480; x_wconf 92' lang='lat' dir='ltr'>est</span> <span class='ocrx_word' id='word_1_116' title='bbox 892 1441 1045 1480; x_wconf 89' lang='lat' dir='ltr'>actibus</span> <span class='ocrx_word' id='word_1_117' title='bbox 1074 1446 1311 1487; x_wconf 88' lang='lat' dir='ltr'>attenuatus,</span> 
     </span>
     <span class='ocr_line' id='line_1_21' title="bbox 304 1507 1156 1558; baseline -0.004 -11"><span class='ocrx_word' id='word_1_118' title='bbox 304 1509 551 1558; x_wconf 83' lang='lat' dir='ltr'>Exceditque</span> <span class='ocrx_word' id='word_1_119' title='bbox 580 1522 694 1546; x_wconf 88' lang='lat' dir='ltr'>suum</span> <span class='ocrx_word' id='word_1_120' title='bbox 725 1509 893 1558; x_wconf 85' lang='lat' dir='ltr'>quisque</span> <span class='ocrx_word' id='word_1_121' title='bbox 921 1508 1046 1545; x_wconf 87' lang='lat' dir='ltr'>viator</span> <span class='ocrx_word' id='word_1_122' title='bbox 1074 1507 1156 1545; x_wconf 89' lang='lat' dir='ltr'>iter.</span> 
     </span>
     <span class='ocr_line' id='line_1_22' title="bbox 357 1571 1447 1624; baseline -0.004 -12"><span class='ocrx_word' id='word_1_123' title='bbox 357 1575 421 1613; x_wconf 90' lang='lat' dir='ltr'>Sic</span> <span class='ocrx_word' id='word_1_124' title='bbox 450 1575 573 1624; x_wconf 90' lang='lat' dir='ltr'>pietas</span> <span class='ocrx_word' id='word_1_125' title='bbox 603 1573 761 1612; x_wconf 87' lang='lat' dir='ltr'>humilis</span> <span class='ocrx_word' id='word_1_126' title='bbox 790 1574 935 1620; x_wconf 91' lang='lat' dir='ltr'>teritur,</span> <span class='ocrx_word' id='word_1_127' title='bbox 967 1585 1045 1623; x_wconf 87' lang='lat' dir='ltr'>que</span> <span class='ocrx_word' id='word_1_128' title='bbox 1074 1571 1257 1622; x_wconf 89' lang='lat' dir='ltr'>superbia</span> <span class='ocrx_word' id='word_1_129' title='bbox 1287 1578 1447 1621; x_wconf 77' lang='lat' dir='ltr'>regnat3</span> 
     </span>
     <span class='ocr_line' id='line_1_23' title="bbox 305 1638 1261 1689; baseline -0.003 -12"><span class='ocrx_word' id='word_1_130' title='bbox 305 1639 426 1677; x_wconf 91' lang='lat' dir='ltr'>Liuor</span> <span class='ocrx_word' id='word_1_131' title='bbox 454 1639 565 1677; x_wconf 89' lang='lat' dir='ltr'>adest</span> <span class='ocrx_word' id='word_1_132' title='bbox 594 1639 714 1689; x_wconf 81' lang='lat' dir='ltr'>agilis,</span> <span class='ocrx_word' id='word_1_133' title='bbox 745 1645 873 1688; x_wconf 89' lang='lat' dir='ltr'>torpet</span> <span class='ocrx_word' id='word_1_134' title='bbox 902 1645 940 1676; x_wconf 94' lang='lat' dir='ltr'>et</span> <span class='ocrx_word' id='word_1_135' title='bbox 970 1638 1099 1676; x_wconf 89' lang='lat' dir='ltr'>omnis</span> <span class='ocrx_word' id='word_1_136' title='bbox 1129 1649 1261 1675; x_wconf 87' lang='lat' dir='ltr'>amor:</span> 
     </span>
     <span class='ocr_line' id='line_1_24' title="bbox 305 1702 1337 1752; baseline -0.003 -10"><span class='ocrx_word' id='word_1_137' title='bbox 305 1706 517 1743; x_wconf 91' lang='lat' dir='ltr'>Permanet</span> <span class='ocrx_word' id='word_1_138' title='bbox 546 1705 600 1742; x_wconf 88' lang='lat' dir='ltr'>ira</span> <span class='ocrx_word' id='word_1_139' title='bbox 629 1704 746 1751; x_wconf 86' lang='lat' dir='ltr'>ferox,</span> <span class='ocrx_word' id='word_1_140' title='bbox 779 1711 818 1742; x_wconf 92' lang='lat' dir='ltr'>et</span> <span class='ocrx_word' id='word_1_141' title='bbox 846 1702 928 1741; x_wconf 89' lang='lat' dir='ltr'>abit</span> <span class='ocrx_word' id='word_1_142' title='bbox 957 1703 1160 1752; x_wconf 89' lang='lat' dir='ltr'>paciencia</span> <span class='ocrx_word' id='word_1_143' title='bbox 1190 1703 1337 1752; x_wconf 88' lang='lat' dir='ltr'>suplex,</span> 
     </span>
     <span class='ocr_line' id='line_1_25' title="bbox 303 1768 1663 1818; baseline -0.004 -11"><span class='ocrx_word' id='word_1_144' title='bbox 303 1770 413 1807; x_wconf 86' lang='lat' dir='ltr'>Viuit</span> <span class='ocrx_word' id='word_1_145' title='bbox 442 1776 480 1807; x_wconf 92' lang='lat' dir='ltr'>et</span> <span class='ocrx_word' id='word_1_146' title='bbox 509 1769 670 1816; x_wconf 86' lang='lat' dir='ltr'>accidia,</span> <span class='ocrx_word' id='word_1_147' title='bbox 702 1769 926 1807; x_wconf 90' lang='lat' dir='ltr'>sollicitudo</span> <span class='ocrx_word' id='word_1_148' title='bbox 955 1768 1080 1818; x_wconf 90' lang='lat' dir='ltr'>perit:</span> <span class='ocrx_word' id='word_1_149' title='bbox 1581 1778 1663 1811; x_wconf 86' lang='lat'><em>1270</em></span> 
     </span>
     <span class='ocr_line' id='line_1_26' title="bbox 306 1832 1397 1881; baseline -0.003 -9"><span class='ocrx_word' id='word_1_150' title='bbox 306 1833 498 1881; x_wconf 86' lang='lat' dir='ltr'>Ebrietas,</span> <span class='ocrx_word' id='word_1_151' title='bbox 530 1847 611 1872; x_wconf 90' lang='lat' dir='ltr'>non</span> <span class='ocrx_word' id='word_1_152' title='bbox 642 1833 843 1881; x_wconf 87' lang='lat' dir='ltr'>sobrietas,</span> <span class='ocrx_word' id='word_1_153' title='bbox 875 1840 983 1871; x_wconf 90' lang='lat' dir='ltr'>tenet</span> <span class='ocrx_word' id='word_1_154' title='bbox 1012 1832 1201 1870; x_wconf 91' lang='lat' dir='ltr'>ammodo</span> <span class='ocrx_word' id='word_1_155' title='bbox 1230 1843 1397 1878; x_wconf 87' lang='lat' dir='ltr'>mensas,</span> 
     </span>
     <span class='ocr_line' id='line_1_27' title="bbox 305 1895 1206 1947; baseline -0.001 -11"><span class='ocrx_word' id='word_1_156' title='bbox 305 1900 447 1937; x_wconf 88' lang='lat' dir='ltr'>Feruet</span> <span class='ocrx_word' id='word_1_157' title='bbox 477 1905 514 1936; x_wconf 92' lang='lat' dir='ltr'>et</span> <span class='ocrx_word' id='word_1_158' title='bbox 544 1898 584 1936; x_wconf 94' lang='lat' dir='ltr'>in</span> <span class='ocrx_word' id='word_1_159' title='bbox 614 1897 721 1936; x_wconf 86' lang='lat' dir='ltr'>viciis</span> <span class='ocrx_word' id='word_1_160' title='bbox 751 1898 909 1947; x_wconf 80' lang='lat' dir='ltr'>crapula</span> <span class='ocrx_word' id='word_1_161' title='bbox 937 1898 1056 1946; x_wconf 89' lang='lat' dir='ltr'>plena</span> <span class='ocrx_word' id='word_1_162' title='bbox 1084 1895 1206 1935; x_wconf 89' lang='lat' dir='ltr'>cibis:</span> 
     </span>
     <span class='ocr_line' id='line_1_28' title="bbox 306 1960 1271 2013; baseline -0.003 -11"><span class='ocrx_word' id='word_1_163' title='bbox 306 1964 425 2003; x_wconf 87' lang='lat' dir='ltr'>Casta</span> <span class='ocrx_word' id='word_1_164' title='bbox 453 1962 649 2013; x_wconf 89' lang='lat' dir='ltr'>pudicicia</span> <span class='ocrx_word' id='word_1_165' title='bbox 677 1963 831 2001; x_wconf 90' lang='lat' dir='ltr'>dudum</span> <span class='ocrx_word' id='word_1_166' title='bbox 859 1961 1085 2012; x_wconf 88' lang='lat' dir='ltr'>precingere</span> <span class='ocrx_word' id='word_1_167' title='bbox 1114 1960 1271 1999; x_wconf 91' lang='lat' dir='ltr'>lumbos</span> 
     </span>
     <span class='ocr_line' id='line_1_29' title="bbox 306 2028 1218 2076; baseline -0.002 -10"><span class='ocrx_word' id='word_1_168' title='bbox 306 2028 440 2076; x_wconf 78' lang='lat' dir='ltr'>Affuit,</span> <span class='ocrx_word' id='word_1_169' title='bbox 473 2036 510 2067; x_wconf 90' lang='lat' dir='ltr'>et</span> <span class='ocrx_word' id='word_1_170' title='bbox 540 2029 661 2067; x_wconf 92' lang='lat' dir='ltr'>modo</span> <span class='ocrx_word' id='word_1_171' title='bbox 690 2029 771 2066; x_wconf 90' lang='lat' dir='ltr'>vult</span> <span class='ocrx_word' id='word_1_172' title='bbox 800 2028 954 2066; x_wconf 90' lang='lat' dir='ltr'>soluere</span> <span class='ocrx_word' id='word_1_173' title='bbox 982 2028 1094 2066; x_wconf 87' lang='lat' dir='ltr'>luxus</span> <span class='ocrx_word' id='word_1_174' title='bbox 1124 2039 1218 2064; x_wconf 85' lang='lat' dir='ltr'>eos:</span> 
     </span>
     <span class='ocr_line' id='line_1_30' title="bbox 306 2091 1351 2144; baseline -0.002 -13"><span class='ocrx_word' id='word_1_175' title='bbox 306 2095 443 2143; x_wconf 89' lang='lat' dir='ltr'>Nuper</span> <span class='ocrx_word' id='word_1_176' title='bbox 471 2094 575 2144; x_wconf 90' lang='lat' dir='ltr'>larga</span> <span class='ocrx_word' id='word_1_177' title='bbox 604 2106 744 2131; x_wconf 88' lang='lat' dir='ltr'>manus</span> <span class='ocrx_word' id='word_1_178' title='bbox 773 2092 882 2142; x_wconf 90' lang='lat' dir='ltr'>inopi</span> <span class='ocrx_word' id='word_1_179' title='bbox 911 2106 981 2131; x_wconf 87' lang='lat' dir='ltr'>sua</span> <span class='ocrx_word' id='word_1_180' title='bbox 1009 2105 1173 2130; x_wconf 90' lang='lat' dir='ltr'>munera</span> <span class='ocrx_word' id='word_1_181' title='bbox 1202 2091 1351 2141; x_wconf 86' lang='lat' dir='ltr'>spersit,</span> 
     </span>
     <span class='ocr_line' id='line_1_31' title="bbox 307 2157 1293 2208; baseline -0.002 -12"><span class='ocrx_word' id='word_1_182' title='bbox 307 2159 426 2196; x_wconf 90' lang='lat' dir='ltr'>Nunc</span> <span class='ocrx_word' id='word_1_183' title='bbox 454 2158 562 2208; x_wconf 89' lang='lat' dir='ltr'>cupit</span> <span class='ocrx_word' id='word_1_184' title='bbox 591 2166 629 2197; x_wconf 92' lang='lat' dir='ltr'>et</span> <span class='ocrx_word' id='word_1_185' title='bbox 659 2158 817 2197; x_wconf 91' lang='lat' dir='ltr'>bursam</span> <span class='ocrx_word' id='word_1_186' title='bbox 845 2157 993 2196; x_wconf 91' lang='lat' dir='ltr'>claudit</span> <span class='ocrx_word' id='word_1_187' title='bbox 1021 2171 1138 2195; x_wconf 90' lang='lat' dir='ltr'>auara</span> <span class='ocrx_word' id='word_1_188' title='bbox 1166 2164 1293 2195; x_wconf 85' lang='lat' dir='ltr'>tenax.</span> 
     </span>
     <span class='ocr_line' id='line_1_32' title="bbox 362 2222 1553 2273; baseline -0.002 -12"><span class='ocrx_word' id='word_1_189' title='bbox 362 2223 438 2262; x_wconf 89' lang='lat' dir='ltr'>Dic</span> <span class='ocrx_word' id='word_1_190' title='bbox 467 2225 589 2262; x_wconf 91' lang='lat' dir='ltr'>modo</span> <span class='ocrx_word' id='word_1_191' title='bbox 618 2231 715 2273; x_wconf 87' lang='lat' dir='ltr'>quot</span> <span class='ocrx_word' id='word_1_192' title='bbox 744 2223 852 2261; x_wconf 89' lang='lat' dir='ltr'>viciis</span> <span class='ocrx_word' id='word_1_193' title='bbox 882 2224 1004 2262; x_wconf 89' lang='lat' dir='ltr'>modo</span> <span class='ocrx_word' id='word_1_194' title='bbox 1033 2224 1117 2262; x_wconf 87' lang='lat' dir='ltr'>sola</span> <span class='ocrx_word' id='word_1_195' title='bbox 1146 2222 1330 2272; x_wconf 84' lang='lat' dir='ltr'>superbia</span> <span class='ocrx_word' id='word_1_196' title='bbox 1358 2222 1553 2261; x_wconf 90' lang='lat' dir='ltr'>mundum</span> 
     </span>
     <span class='ocr_line' id='line_1_33' title="bbox 306 2288 1104 2338; baseline 0 -11"><span class='ocrx_word' id='word_1_197' title='bbox 306 2289 372 2327; x_wconf 92' lang='lat' dir='ltr'>Ad</span> <span class='ocrx_word' id='word_1_198' title='bbox 400 2288 493 2327; x_wconf 88' lang='lat' dir='ltr'>varii</span> <span class='ocrx_word' id='word_1_199' title='bbox 522 2289 677 2327; x_wconf 88' lang='lat' dir='ltr'>sceleris</span> <span class='ocrx_word' id='word_1_200' title='bbox 705 2288 952 2338; x_wconf 90' lang='lat' dir='ltr'>precipitauit</span> <span class='ocrx_word' id='word_1_201' title='bbox 981 2301 1104 2338; x_wconf 90' lang='lat' dir='ltr'>opus:</span> 
     </span>
     <span class='ocr_line' id='line_1_34' title="bbox 306 2353 1375 2403; baseline -0.001 -12"><span class='ocrx_word' id='word_1_202' title='bbox 306 2353 383 2392; x_wconf 92' lang='lat' dir='ltr'>Dic</span> <span class='ocrx_word' id='word_1_203' title='bbox 412 2361 509 2403; x_wconf 89' lang='lat' dir='ltr'>quot</span> <span class='ocrx_word' id='word_1_204' title='bbox 537 2353 637 2392; x_wconf 89' lang='lat' dir='ltr'>liuor</span> <span class='ocrx_word' id='word_1_205' title='bbox 665 2354 765 2392; x_wconf 84' lang='lat' dir='ltr'>edax</span> <span class='ocrx_word' id='word_1_206' title='bbox 793 2353 897 2392; x_wconf 88' lang='lat' dir='ltr'>acies</span> <span class='ocrx_word' id='word_1_207' title='bbox 927 2366 997 2391; x_wconf 92' lang='lat' dir='ltr'>sua</span> <span class='ocrx_word' id='word_1_208' title='bbox 1025 2353 1136 2403; x_wconf 87' lang='lat' dir='ltr'>signa</span> <span class='ocrx_word' id='word_1_209' title='bbox 1164 2359 1375 2403; x_wconf 88' lang='lat' dir='ltr'>sequentes</span> 
     </span>
     <span class='ocr_line' id='line_1_35' title="bbox 308 2418 1662 2469; baseline -0.003 -12"><span class='ocrx_word' id='word_1_210' title='bbox 308 2418 493 2457; x_wconf 87' lang='lat' dir='ltr'>Subdidit</span> <span class='ocrx_word' id='word_1_211' title='bbox 521 2418 686 2468; x_wconf 86' lang='lat' dir='ltr'>imperio</span> <span class='ocrx_word' id='word_1_212' title='bbox 714 2418 832 2469; x_wconf 83' lang='lat' dir='ltr'>vique</span> <span class='ocrx_word' id='word_1_213' title='bbox 861 2426 1049 2468; x_wconf 84' lang='lat' dir='ltr'>metuque</span> <span class='ocrx_word' id='word_1_214' title='bbox 1078 2431 1174 2457; x_wconf 89' lang='lat' dir='ltr'>suo:</span> <span class='ocrx_word' id='word_1_215' title='bbox 1577 2424 1662 2454; x_wconf 88' lang='lat'>1280</span> 
     </span>
     <span class='ocr_line' id='line_1_36' title="bbox 308 2481 1329 2533; baseline -0.001 -12"><span class='ocrx_word' id='word_1_216' title='bbox 308 2483 385 2522; x_wconf 93' lang='lat' dir='ltr'>Dic</span> <span class='ocrx_word' id='word_1_217' title='bbox 414 2491 510 2533; x_wconf 86' lang='lat' dir='ltr'>quot</span> <span class='ocrx_word' id='word_1_218' title='bbox 538 2484 706 2523; x_wconf 91' lang='lat' dir='ltr'>auaricie</span> <span class='ocrx_word' id='word_1_219' title='bbox 734 2484 917 2522; x_wconf 88' lang='lat' dir='ltr'>manibus</span> <span class='ocrx_word' id='word_1_220' title='bbox 947 2484 1008 2522; x_wconf 92' lang='lat' dir='ltr'>vel</span> <span class='ocrx_word' id='word_1_221' title='bbox 1037 2490 1171 2522; x_wconf 91' lang='lat' dir='ltr'>mente</span> <span class='ocrx_word' id='word_1_222' title='bbox 1198 2481 1329 2532; x_wconf 88' lang='lat' dir='ltr'>rapaci</span> 
     </span>
     <span class='ocr_line' id='line_1_37' title="bbox 309 2547 1135 2599; baseline -0.001 -12"><span class='ocrx_word' id='word_1_223' title='bbox 309 2550 530 2588; x_wconf 90' lang='lat' dir='ltr'>Intendunt</span> <span class='ocrx_word' id='word_1_224' title='bbox 558 2549 694 2599; x_wconf 91' lang='lat' dir='ltr'>populi</span> <span class='ocrx_word' id='word_1_225' title='bbox 723 2550 805 2587; x_wconf 84' lang='lat' dir='ltr'>iura</span> <span class='ocrx_word' id='word_1_226' title='bbox 834 2549 1017 2598; x_wconf 86' lang='lat' dir='ltr'>negando</span> <span class='ocrx_word' id='word_1_227' title='bbox 1046 2547 1135 2596; x_wconf 85' lang='lat' dir='ltr'>dei;</span> 
     </span>
     <span class='ocr_line' id='line_1_38' title="bbox 309 2613 1338 2664; baseline -0.002 -12"><span class='ocrx_word' id='word_1_228' title='bbox 309 2615 419 2663; x_wconf 89' lang='lat' dir='ltr'>Quot</span> <span class='ocrx_word' id='word_1_229' title='bbox 447 2614 537 2664; x_wconf 87' lang='lat' dir='ltr'>gula</span> <span class='ocrx_word' id='word_1_230' title='bbox 565 2613 714 2653; x_wconf 86' lang='lat' dir='ltr'>deliciis</span> <span class='ocrx_word' id='word_1_231' title='bbox 743 2621 882 2663; x_wconf 86' lang='lat' dir='ltr'>torpet,</span> <span class='ocrx_word' id='word_1_232' title='bbox 914 2620 1011 2663; x_wconf 91' lang='lat' dir='ltr'>quot</span> <span class='ocrx_word' id='word_1_233' title='bbox 1040 2620 1173 2662; x_wconf 89' lang='lat' dir='ltr'>torpor</span> <span class='ocrx_word' id='word_1_234' title='bbox 1201 2613 1338 2650; x_wconf 90' lang='lat' dir='ltr'>inanes</span> 
     </span>
     <span class='ocr_line' id='line_1_39' title="bbox 308 2678 1111 2719; baseline -0.001 -2"><span class='ocrx_word' id='word_1_235' title='bbox 308 2678 447 2719; x_wconf 88' lang='lat' dir='ltr'>Carnis</span> <span class='ocrx_word' id='word_1_236' title='bbox 477 2679 669 2717; x_wconf 88' lang='lat' dir='ltr'>adulterio</span> <span class='ocrx_word' id='word_1_237' title='bbox 696 2679 804 2717; x_wconf 88' lang='lat' dir='ltr'>fedat</span> <span class='ocrx_word' id='word_1_238' title='bbox 833 2680 873 2716; x_wconf 89' lang='lat' dir='ltr'>in</span> <span class='ocrx_word' id='word_1_239' title='bbox 903 2679 998 2717; x_wconf 91' lang='lat' dir='ltr'>orbe</span> <span class='ocrx_word' id='word_1_240' title='bbox 1028 2690 1111 2716; x_wconf 89' lang='lat' dir='ltr'>su0.</span> 
     </span>
     <span class='ocr_line' id='line_1_40' title="bbox 308 2741 1469 2794; baseline -0.001 -13"><span class='ocrx_word' id='word_1_241' title='bbox 308 2744 469 2794; x_wconf 85' lang='lat' dir='ltr'>Singula</span> <span class='ocrx_word' id='word_1_242' title='bbox 498 2756 641 2792; x_wconf 89' lang='lat' dir='ltr'>nempe</span> <span class='ocrx_word' id='word_1_243' title='bbox 669 2751 778 2782; x_wconf 86' lang='lat' dir='ltr'>vorat</span> <span class='ocrx_word' id='word_1_244' title='bbox 807 2743 938 2782; x_wconf 88' lang='lat' dir='ltr'>anime</span> <span class='ocrx_word' id='word_1_245' title='bbox 967 2755 1069 2790; x_wconf 89' lang='lat' dir='ltr'>caro,</span> <span class='ocrx_word' id='word_1_246' title='bbox 1100 2743 1155 2780; x_wconf 89' lang='lat' dir='ltr'>sic</span> <span class='ocrx_word' id='word_1_247' title='bbox 1185 2742 1295 2792; x_wconf 85' lang='lat' dir='ltr'>quod</span> <span class='ocrx_word' id='word_1_248' title='bbox 1323 2741 1469 2792; x_wconf 85' lang='lat' dir='ltr'>vbique</span> 
     </span>
     <span class='ocr_line' id='line_1_41' title="bbox 309 2807 1291 2848; baseline -0.001 0"><span class='ocrx_word' id='word_1_249' title='bbox 309 2808 494 2848; x_wconf 86' lang='lat' dir='ltr'>Subdidit</span> <span class='ocrx_word' id='word_1_250' title='bbox 522 2807 756 2846; x_wconf 87' lang='lat' dir='ltr'>inmundam</span> <span class='ocrx_word' id='word_1_251' title='bbox 785 2808 949 2847; x_wconf 90' lang='lat' dir='ltr'>crimine</span> <span class='ocrx_word' id='word_1_252' title='bbox 979 2808 1152 2846; x_wconf 91' lang='lat' dir='ltr'>mundus</span> <span class='ocrx_word' id='word_1_253' title='bbox 1181 2820 1291 2847; x_wconf 84' lang='lat' dir='ltr'>eam:</span> 
     </span>
     <span class='ocr_line' id='line_1_42' title="bbox 592 2882 1268 2924; baseline -0.001 -9"><span class='ocrx_word' id='word_1_254' title='bbox 592 2884 677 2924; x_wconf 87' lang='lat'>1256</span> <span class='ocrx_word' id='word_1_255' title='bbox 699 2884 808 2924; x_wconf 85' lang='lat' dir='ltr'>parcit</span> <span class='ocrx_word' id='word_1_256' title='bbox 823 2884 881 2915; x_wconf 70' lang='grc' dir='ltr'>(ΣΕ</span> <span class='ocrx_word' id='word_1_257' title='bbox 1038 2884 1120 2922; x_wconf 89' lang='lat'>1278</span> <span class='ocrx_word' id='word_1_258' title='bbox 1145 2892 1227 2923; x_wconf 86' lang='lat' dir='ltr'>opes</span> <span class='ocrx_word' id='word_1_259' title='bbox 1244 2882 1268 2914; x_wconf 92' lang='lat' dir='ltr'>S</span> 
     </span>
     <span class='ocr_line' id='line_1_43' title="bbox 889 2950 960 2976; baseline 0 0"><span class='ocrx_word' id='word_1_260' title='bbox 889 2950 918 2976; x_wconf 86' lang='lat' dir='ltr'>x</span> <span class='ocrx_word' id='word_1_261' title='bbox 941 2952 960 2976; x_wconf 92' lang='lat'><em>2</em></span> 
     </span>
    </p>
   </div>
  </div>
 </body>
</html>
