2095 3173
698 214 885 255 LIBER
925 214 1239 256 SEPTIMUS
1622 228 1702 267 297

345 323 454 371 Quid
482 322 554 361 tibi
583 323 615 360 si
644 323 752 360 fortis
780 323 926 372 poteris
956 334 1137 372 superare
1165 322 1312 369 leones,

345 388 553 437 Numquid
583 395 621 426 te
650 389 793 437 poterit
822 389 1039 437 inquietare
1068 388 1216 438 pulex?

345 453 454 501 Quid
484 453 557 491 nisi
588 454 799 491 stulticiam
828 453 899 491 tibi
928 454 1000 491 fert
1030 453 1228 503 sapiencia
1256 452 1426 490 mundi?

345 517 450 567 Ergo
478 518 599 555 nichil
628 518 783 567 sapiens
812 518 921 567 quod
950 519 1050 567 sapit
1079 517 1230 568 absque
1259 518 1348 556 deo.

345 583 415 620 Est
445 581 515 620 tibi
546 582 596 621 de
625 583 720 621 limo
749 583 960 621 formatum
990 595 1132 632 corpus
1162 584 1290 630 inane,

344 648 553 696 Pronaque
582 655 719 686 natura
748 649 874 686 carnis
903 648 954 686 ad
983 661 1103 686 omne
1131 649 1280 686 malum
1295 662 1306 696 3

346 713 490 762 Incipit
520 713 559 751 in
590 714 697 751 luctu
728 714 893 763 finitque
922 714 1083 753 dolore:
1113 715 1211 764 quid
1240 727 1332 764 ergo

345 779 487 826 Queris
511 786 551 817 vt
580 779 645 816 hic
673 780 750 817 tale
777 780 1016 829 glorificetur
1044 782 1177 829 opus?

344 842 449 882 Cum
467 844 601 894 ⁴nichil
630 857 678 883 ex
707 845 859 883 mundo
889 846 937 883 sit
966 857 1130 894 corpore
1158 845 1430 895 glorificatum,

344 909 416 946 Est
445 905 516 947 tibi
547 910 600 946 nil
630 922 772 959 corpus
800 910 1017 960 glorificare
1045 916 1170 948 tuum.
1639 928 1705 959 900

345 974 411 1012 Nil
441 973 510 1011 tibi
540 975 627 1023 plus
657 982 834 1013 remanet
863 982 930 1013 aut
959 975 1133 1024 corporis
1161 981 1229 1013 aut
1258 974 1330 1012 tibi
1359 987 1499 1022 rerum,

344 1040 434 1077 Sola
464 1040 538 1078 nisi
568 1040 715 1087 merita,
747 1040 824 1083 sint
852 1039 960 1079 bona
989 1041 1072 1078 siue
1101 1041 1229 1080 mala:

344 1105 447 1144 Cum
477 1106 584 1143 venit
613 1106 677 1143 illa
706 1106 802 1153 dies,
833 1118 911 1155 que
941 1106 995 1143 nil
1025 1107 1099 1144 nisi
1129 1107 1303 1156 corporis
1333 1106 1448 1144 huius

344 1171 412 1209 Ius
441 1171 571 1218 habet,
603 1172 778 1209 inueniet
807 1178 901 1209 tunc
930 1172 1052 1210 homo
1081 1172 1183 1209 facta
1212 1184 1292 1210 sua.

343 1237 437 1274 Non
467 1237 531 1274 hic
560 1237 643 1274 iure
673 1237 805 1274 locum
834 1238 937 1275 valet
965 1238 1065 1275 vllus
1094 1237 1240 1275 habere
1269 1243 1509 1283 manentem,

346 1302 486 1339 Mortis
515 1302 567 1340 ad
597 1302 764 1340 incertas
793 1303 954 1341 transiet
983 1303 1107 1340 immo
1135 1303 1229 1341 vias.

280 1422 356 1458 Hic
381 1424 562 1467 loquitur
588 1425 770 1468 qualiter
794 1426 935 1459 omnia
959 1425 1100 1458 mundi
1123 1424 1245 1459 huius
1269 1424 1380 1459 sicut
1402 1425 1704 1460 vestimentum

233 1483 517 1524 veterascunt,
558 1484 602 1517 et
640 1483 762 1527 quasi
795 1484 1053 1527 sompnifera
1086 1484 1130 1517 in
1165 1484 1251 1518 ictu
1284 1483 1393 1517 oculi
1431 1484 1702 1520 clauduntur:

232 1541 413 1584 loquitur
455 1541 586 1575 eciam
625 1542 668 1576 in
705 1542 877 1587 speciali
917 1542 968 1578 de
1008 1542 1159 1577 mortis
1197 1542 1397 1577 memoria
1436 1544 1479 1577 et
1520 1543 1703 1578 eiusdem

232 1599 414 1634 nominis
438 1600 760 1643 significacione.

41 1716 42 1722 ,
77 1678 206 1726 Capm.
228 1679 313 1718 xvii.

400 1680 548 1719 Omnia
576 1693 695 1730 quam
725 1682 846 1719 cicius
875 1682 980 1720 oculi
1007 1682 1244 1720 clauduntur
1272 1682 1312 1719 in
1342 1682 1433 1729 ictu,

346 1746 397 1783 Et
426 1746 537 1794 quasi
566 1759 635 1795 per
663 1759 876 1795 sompnum
905 1746 1064 1796 preterit
1093 1747 1222 1785 omnis
1252 1747 1400 1786 homo:

345 1810 501 1848 Gaudia
529 1818 739 1860 perpetuos
768 1811 924 1860 pariunt
952 1811 1156 1849 mundana
1184 1811 1340 1849 dolores

346 1875 468 1912 Tollit
498 1883 535 1913 et
565 1882 743 1913 eternum
772 1876 905 1913 viuere
933 1876 1012 1913 vita
1041 1875 1185 1914 breuis.
1638 1891 1703 1923 910

345 1940 492 1979 Omnia
520 1952 598 1989 que
626 1946 791 1989 possunt
819 1940 945 1977 amitti
975 1940 1083 1977 nulla
1111 1940 1303 1986 videntur,

346 2006 433 2042 Nec
461 2005 624 2054 longum
653 2005 844 2055 quicquid
872 2005 1016 2043 desinit
1045 2017 1131 2044 esse
1159 2017 1256 2043 reor.

348 2070 424 2108 Dic
453 2071 549 2119 quid
579 2070 716 2117 honor,
748 2071 845 2120 quid
873 2083 981 2120 opes,
1012 2071 1109 2120 quid
1136 2070 1270 2120 gloria,
1303 2070 1400 2119 quid
1429 2083 1476 2108 ve
1505 2070 1699 2116 iuuentus,

346 2136 499 2181 Forma,
530 2147 665 2184 genus,
697 2135 806 2182 vires,
837 2135 993 2182 femina,
1025 2135 1154 2182 vestis,
1184 2147 1285 2185 ager,

347 2200 517 2238 Gemma
545 2201 605 2238 vel
635 2208 851 2250 argentum,
883 2201 979 2250 quid
1009 2208 1193 2251 septrum‚
1225 2212 1345 2250 regna
1373 2199 1434 2238 vel
1463 2212 1613 2247 aurum,

347 2266 533 2314 Purpura,
564 2266 661 2315 quid
690 2266 790 2303 latus
819 2266 965 2304 fundus
995 2273 1033 2304 et
1061 2266 1192 2316 ampla
1221 2266 1375 2312 domus,

349 2331 497 2380 Magna
526 2331 719 2379 potencia,
750 2331 873 2368 multa
901 2331 1082 2378 sciencia,
1112 2343 1213 2369 vana
1240 2331 1431 2379 voluptas,

347 2395 440 2432 Vita
468 2395 574 2444 quid,
606 2402 645 2434 et
673 2396 794 2434 nostri
824 2396 997 2445 corporis
1027 2397 1111 2445 ipsa
1139 2396 1253 2433 salus.

403 2460 524 2508 Quod
553 2473 642 2499 caro
673 2461 846 2499 mortalis
875 2468 1065 2510 tanquam
1094 2461 1211 2498 vestis
1242 2459 1447 2498 veterascit

352 2525 402 2562 Et
431 2526 547 2563 celeri
576 2526 687 2574 lapsu
716 2538 836 2564 curua
866 2532 1024 2564 senecta
1054 2525 1171 2571 venit,
1632 2538 1700 2571 920

350 2590 472 2638 Quod
501 2597 632 2628 nostre
661 2603 815 2640 semper
842 2592 1074 2628 minuuntur
1103 2597 1281 2638 tempora
1309 2589 1398 2636 vite,

349 2655 550 2704 Quodque
579 2655 662 2693 dies
691 2656 863 2694 hominis
892 2656 1023 2693 fumus
1053 2661 1091 2693 et
1120 2653 1257 2692 vmbra
1285 2654 1394 2704 fugit,

351 2720 472 2768 Quod
501 2720 549 2757 sit
578 2721 655 2758 vita
684 2720 825 2769 breuis,
856 2721 966 2770 quod
995 2733 1101 2758 mors
1130 2720 1288 2766 incerta,
1319 2720 1429 2769 quod
1458 2719 1568 2758 omni

349 2785 548 2833 Tempore
577 2797 649 2823 nos
678 2786 817 2834 queuis
846 2798 964 2824 causa
992 2785 1158 2823 molesta
1186 2784 1338 2834 premit,

257 2880 322 2911 903
346 2870 428 2911 nisi]
444 2870 509 2902 sibi
528 2870 554 2902 C
686 2872 751 2910 918
774 2871 823 2912 et]
843 2876 895 2904 est
913 2872 937 2903 S
1068 2881 1130 2911 921
1157 2875 1274 2902 nostre
1293 2870 1322 2901 D
1371 2870 1480 2901 nostri
1499 2869 1689 2902 SCEHGL
