2095 3173
460 214 541 250 216

929 211 1059 253 VOX
1099 211 1458 252 CLAMANTIS

570 318 670 357 Sunt
699 318 846 357 similes
876 318 943 367 qui
973 317 1077 355 bella
1104 317 1253 364 volunt,
1285 317 1353 367 qui
1382 324 1508 355 castra
1537 323 1738 367 sequntur,

571 384 651 433 Qui
682 384 816 433 spoliis
845 382 998 420 inhiant
1027 382 1240 420 esuriendo
1268 383 1448 421 lucrum:
1867 395 1932 428 540

573 450 720 487 Horret
748 448 832 486 auis
862 447 1044 497 rapidum
1075 448 1167 497 quia
1196 448 1334 497 predat
1363 447 1541 497 proxima
1570 448 1712 496 nisum,

572 515 624 552 Et
653 525 774 563 pecus
803 520 1004 551 austerum
1034 513 1243 562 quodlibet
1272 525 1358 551 esse
1387 514 1538 563 lupum.

572 578 653 627 Qui
682 577 753 616 tibi
784 578 958 626 delicias,
991 578 1116 625 miles,
1148 579 1346 628 preponis,
1379 585 1417 617 et
1447 591 1555 616 arma

573 643 744 690 Deseris,
777 649 815 681 et
844 644 1020 693 requiem
1051 644 1180 693 queris
1210 643 1355 682 habere
1385 644 1506 691 domi,

574 708 762 758 Pauperis
791 715 829 746 et
859 708 984 758 spolia
1012 708 1234 758 depredans
1265 721 1374 747 more
1403 710 1540 757 leonis,

574 774 668 823 Quo
697 785 873 812 maceras
901 773 1010 821 alios,
1043 780 1085 811 tu
1115 773 1185 812 tibi
1216 786 1345 812 crassa
1375 775 1488 824 rapis,

574 839 665 888 Que
694 839 765 878 tibi
796 846 929 889 torpor
957 840 1046 889 agit,
1078 852 1156 890 que
1185 840 1373 878 deliciosa
1402 841 1583 890 voluptas

573 905 732 952 Suadet,
763 905 933 944 auaricie
963 906 1146 955 pelleque
1174 906 1282 944 lucra
1312 906 1454 945 simul:

573 971 738 1020 Suscipe
767 971 971 1020 sanguinei
1001 971 1246 1020 trepidancia
1275 983 1440 1009 munera
1470 971 1576 1018 belli,

575 1036 789 1087 Credoque
818 1037 928 1087 quod
956 1037 1057 1075 vicia
1086 1037 1163 1074 iam
1194 1037 1264 1075 tibi
1295 1043 1402 1087 terga
1431 1037 1598 1075 dabunt.
1873 1051 1939 1083 550

574 1103 680 1140 Ante
710 1114 824 1140 suum
856 1102 1007 1140 lucrum
1038 1103 1151 1140 miles
1181 1110 1374 1152 preponat
1405 1103 1609 1150 honorem,

577 1168 689 1205 Dans
719 1180 789 1206 sua
817 1174 910 1206 vota
938 1168 1015 1206 deo
1045 1175 1268 1218 cunctaque
1297 1168 1428 1206 vincet
1458 1181 1532 1206 eo:

577 1233 696 1271 Heu!
735 1234 859 1272 modo
889 1239 947 1272 set
976 1234 1094 1272 video
1123 1234 1234 1283 quod
1263 1234 1392 1272 honor
1412 1233 1666 1283 postponitur
1694 1245 1806 1281 auro,

577 1299 852 1348 Preferturque
882 1300 959 1338 deo
989 1300 1163 1338 mundus
1194 1306 1232 1338 et
1262 1300 1346 1349 ipsa
1376 1312 1480 1337 carO.

578 1364 729 1403 Milicie
759 1377 946 1403 numerus
976 1365 1126 1412 crescit,
1159 1365 1350 1403 decrescit
1381 1371 1419 1402 et
1449 1371 1583 1412 actu83

579 1429 642 1467 Sic
674 1430 802 1468 honor
830 1436 889 1468 est
918 1442 1076 1477 vacuus,
1106 1430 1201 1469 dum
1232 1437 1419 1469 vacuatur
1448 1442 1563 1470 onus.

517 1563 747 1608 Postquam
773 1563 928 1599 dictum
956 1565 1021 1599 est
1038 1564 1089 1599 cle
1115 1564 1199 1599 illis
1228 1564 1298 1608 qui
1323 1564 1366 1598 in
1392 1566 1512 1599 statu
1535 1563 1711 1599 militari
1736 1573 1822 1599 rem
1849 1565 1943 1608 pub-

469 1623 594 1657 licam
619 1632 792 1657 seruare
817 1622 970 1657 debent
995 1623 1172 1664 illesam,
1198 1623 1415 1658 dicendum
1450 1624 1517 1657 est
1550 1623 1636 1657 iam
1670 1623 1719 1657 cle
1748 1622 1846 1658 istis
1876 1623 1945 1666 qui

472 1683 523 1717 ad
552 1682 667 1716 cibos
698 1683 741 1717 et
770 1683 895 1726 potus
922 1684 996 1726 pro
1027 1682 1198 1725 generis
1228 1682 1401 1716 humani
1435 1682 1756 1718 sustentacione
1789 1682 1945 1726 perqui-

473 1740 625 1775 rendos
651 1740 906 1783 agriculture
930 1740 1099 1776 labores
1125 1741 1266 1775 subire
1292 1742 1503 1776 tenentur.

348 1827 477 1873 Capffl.
516 1824 562 1860 ix.

637 1822 727 1870 Que
758 1821 806 1859 sit
836 1821 980 1858 milicia
1010 1821 1087 1859 iam
1117 1834 1187 1860 vos
1217 1822 1393 1868 audistis,
1425 1828 1464 1860 et
1493 1822 1590 1860 vltra

586 1889 728 1926 Dicam
753 1887 804 1925 de
833 1887 1003 1936 reliquis,
1035 1887 1168 1937 regula
1197 1899 1275 1937 que
1304 1888 1353 1925 sit
1382 1887 1451 1925 eis.

587 1954 690 1992 Nam
721 1959 811 2002 post
840 1953 1026 1990 miliciam
1058 1960 1175 1991 restat
1204 1959 1328 1991 status
1357 1965 1458 1991 vnus
1487 1953 1659 2003 agrestis,

586 2020 635 2057 In
664 2030 745 2067 quo
775 2018 920 2056 rurales
948 2030 1068 2067 grana
1097 2030 1176 2068 que
1205 2019 1294 2056 vina
1323 2019 1473 2056 colunt.
1883 2023 1950 2064 560

588 2084 659 2121 Hii
690 2090 781 2121 sunt
810 2083 877 2132 qui
907 2082 1023 2121 nobis
1052 2084 1185 2133 magni
1215 2084 1358 2122 sudore
1387 2084 1532 2122 laboris

587 2149 824 2198 Perquirunt
853 2148 991 2195 victus,
1023 2149 1134 2187 iussit
1163 2156 1203 2187 vt
1233 2150 1316 2198 ipse
1346 2149 1469 2187 deus:

587 2215 659 2252 Est
689 2221 727 2251 et
756 2214 811 2252 eis
842 2213 924 2251 iure
953 2214 1076 2251 nostri
1105 2214 1219 2263 primi
1249 2215 1367 2263 patris
1397 2215 1487 2252 Ade

588 2279 752 2328 Regula,
786 2291 905 2328 quam
936 2279 1079 2316 summi
1111 2279 1214 2328 cepit
1241 2279 1292 2317 ab
1323 2291 1390 2317 ore
1419 2279 1497 2317 dei.

589 2345 694 2382 Nam
724 2344 822 2382 deus
852 2344 979 2393 inquit
1008 2344 1054 2391 ei,
1087 2344 1183 2382 dum
1214 2345 1359 2382 corruit
1388 2357 1411 2382 a
1441 2344 1615 2382 Paradisi

591 2409 784 2456 Floribus,
816 2410 855 2446 in
885 2416 1026 2448 terram
1056 2410 1160 2459 cepit
1189 2416 1227 2448 et
1257 2410 1310 2447 ire
1340 2410 1469 2448 viam:

594 2474 655 2514 ‘O
686 2482 934 2524 transgresse,
964 2474 1075 2513 labor
1105 2475 1243 2512 mundi
1273 2474 1343 2512 tibi
1376 2475 1452 2512 sint
1482 2487 1643 2524 quoque
1672 2474 1804 2519 sudor,

594 2540 642 2578 In
673 2540 818 2589 quibus
848 2540 966 2578 vteris
996 2539 1164 2589 panibus
1195 2540 1278 2589 ipse
1308 2540 1409 2578 tuis!

592 2605 711 2643 Vnde
741 2606 805 2643 dei
835 2606 974 2643 seriem
1004 2606 1129 2643 cultor
1159 2605 1190 2643 si
1220 2613 1349 2643 seruet
1378 2605 1562 2652 eundem,

593 2671 653 2707 Ac
682 2682 782 2719 opus
812 2671 851 2707 in
881 2671 990 2708 cultu
1019 2671 1074 2709 sic
1101 2676 1209 2720 gerat
1238 2671 1321 2720 ipse
1351 2683 1483 2717 manu,
1890 2682 1954 2717 570

593 2735 709 2772 Tunc
738 2736 862 2784 pariet
890 2737 1038 2774 fructus
1067 2748 1186 2785 quam
1215 2736 1350 2773 fertilis
1379 2736 1518 2774 ordine
1547 2747 1722 2784 campus,

593 2800 763 2849 Vuaque
794 2800 1038 2850 temporibus
1067 2799 1185 2838 stabit
1214 2800 1402 2838 habunda
1432 2801 1522 2838 suis.

596 2864 715 2902 Nunc
745 2872 877 2903 tamen
907 2866 1003 2904 illud
1034 2878 1133 2915 opus
1163 2866 1225 2904 vix
1254 2866 1382 2915 querit
1411 2864 1556 2904 habere
1585 2865 1763 2911 colonus,
