2095 3173
444 196 526 236 224
913 183 1045 224 vox
1087 183 1449 225 CLAMANTIS

553 292 607 329 Vt
637 290 883 328 numeranda
912 289 1029 327 maris
1058 290 1282 328 consistunt
1310 290 1424 328 litora
1454 289 1580 336 nobis,

553 357 653 396 Sunt
683 356 826 394 infiniti
855 355 1001 393 fraudis
1033 355 1072 392 in
1102 367 1171 393 ore
1201 356 1295 394 doli.

554 423 676 460 Fraus
706 421 797 459 facit
826 427 865 459 et
894 421 997 458 facta
1025 421 1173 467 vendit,
1206 433 1368 470 quoque
1398 421 1547 459 iudicat
1577 428 1674 469 acta,

553 487 794 526 Ambicione
823 499 893 525 sua
923 493 1079 536 statque
1109 499 1178 536 per
1208 499 1329 525 omne
1358 499 1434 525 rea.

554 554 647 591 Non
677 564 892 591 commune
922 551 1074 590 bonum
1105 553 1227 590 Fraus
1257 565 1348 590 cum
1379 553 1427 591 sit
1457 560 1585 591 rector
1613 553 1814 603 agendum

551 620 693 668 Auget,
725 625 784 656 set
813 618 1014 668 proprium
1045 625 1196 668 spectat
1226 618 1372 657 habere
1402 619 1567 657 lucrum.
1857 626 1924 667 830

552 684 616 722 Sic
647 690 753 734 patet
782 685 822 721 in
852 684 942 731 fine,
975 696 1083 722 nunc
1112 684 1263 722 transiit
1294 684 1383 722 exul
1412 684 1463 722 ab
1494 683 1590 723 vrbe

553 750 647 799 Ipsa
677 749 795 788 Fides
825 749 976 797 sterilis,
1010 750 1131 787 Fraus
1162 749 1261 799 parit
1290 757 1410 799 atque
1441 751 1582 799 magis.

555 817 650 854 Hoc
678 828 752 865 ego
781 828 863 854 non
893 816 996 860 dieo,
1028 816 1137 865 quod
1169 816 1290 853 Fraus
1320 815 1548 854 dominatur
1577 816 1618 853 in
1649 828 1800 863 omnes,

555 882 667 920 Iusto
697 894 789 919 nam
819 881 896 919 ciui
928 882 1049 919 Fraus
1079 881 1202 919 nichil
1231 881 1344 919 addit
1374 880 1440 919 ibi.

493 1015 570 1051 Hic
596 1016 780 1061 loquitur
804 1017 856 1052 de
883 1017 973 1051 ciue
998 1016 1070 1051 illo
1096 1015 1294 1050 maliuolo
1320 1016 1364 1051 et
1388 1015 1635 1060 impetuoso,
1657 1015 1728 1060 qui
1751 1015 1925 1050 maioris

444 1075 722 1111 ministerium
740 1076 822 1111 sibi
840 1076 1052 1119 adoptans
1070 1075 1114 1109 in
1132 1075 1329 1110 conciues
1347 1085 1468 1110 suam
1485 1075 1679 1109 accendit
1695 1074 1919 1117 maliciam,

445 1146 526 1180 quo
543 1135 680 1179 magis
697 1146 846 1170 sanum
865 1135 1052 1171 ciuitatis
1069 1135 1255 1179 regimen
1273 1144 1351 1169 sua
1369 1134 1688 1179 importunitate
1705 1134 1925 1179 perturbat

447 1197 489 1230 et
507 1195 730 1239 extinguit.

310 1278 439 1326 Capm.
460 1290 518 1315 xv.
605 1277 790 1326 Turpiter
819 1282 919 1314 errat
947 1276 1044 1324 auis,
1075 1275 1278 1325 proprium
1307 1287 1386 1325 que
1415 1281 1587 1314 stercore
1616 1274 1769 1322 nidum,

555 1343 678 1382 Cuius
708 1342 779 1381 erit
808 1350 953 1389 eustos,
984 1342 1256 1379 contaminare
1286 1341 1443 1379 studet:

556 1408 744 1446 Dedecus
774 1415 833 1446 est
861 1408 939 1445 ciui
968 1407 1085 1446 sociis
1115 1407 1182 1457 qui
1212 1407 1313 1444 tollit
1344 1407 1549 1453 honorem,

556 1475 649 1522 Quo
679 1473 909 1523 campestris
939 1472 1060 1511 habet
1089 1473 1177 1510 ciue
1207 1473 1335 1521 priora
1365 1472 1463 1509 loca.

556 1540 628 1577 Est
657 1539 758 1577 inter
786 1539 979 1588 populum
1007 1538 1176 1576 furiosus
1206 1538 1354 1586 vbique
1383 1537 1595 1583 timendus,

556 1605 704 1644 Saltem
733 1605 830 1643 dum
859 1605 1034 1654 gladium
1063 1604 1240 1653 possidet
1270 1603 1354 1652 ipse
1383 1615 1530 1649 manu3
1852 1610 1918 1649 840

555 1672 628 1709 Est
658 1677 715 1709 set
744 1671 784 1708 in
814 1669 909 1709 vrbe
939 1670 1062 1719 magis
1092 1669 1265 1708 hominis
1295 1669 1512 1707 metuenda
1542 1674 1728 1718 potestas,

557 1737 706 1775 Iudicis
736 1736 866 1774 officio
896 1735 993 1774 dum
1023 1736 1113 1773 furit
1143 1735 1227 1784 ipse
1257 1746 1342 1773 suo.

556 1803 706 1852 thote
734 1802 818 1840 sola
846 1801 1013 1840 domurn
1043 1801 1186 1850 poterit
1215 1800 1360 1838 sintilla
1389 1811 1576 1846 cremare,

556 1868 621 1906 Sic
650 1868 776 1905 malus
806 1867 992 1917 indigena
1021 1867 1128 1905 solus
1159 1866 1200 1903 in
1229 1865 1324 1904 vrbe
1352 1871 1501 1915 grauat.

546 1934 724 1986 ¹Mutatis
754 1933 886 1971 subito
916 1932 1033 1971 rebus
1064 1940 1203 1970 natura
1231 1932 1436 1981 gemescit,

558 2000 611 2037 Et
639 1999 763 2049 magis
792 1999 950 2037 insolita
979 1999 1029 2037 de
1060 1998 1237 2036 nouitate
1267 1997 1388 2043 dolet,

556 2066 669 2104 Sorte
698 2065 905 2114 repentina
933 2065 1029 2102 dum
1061 2076 1209 2113 pauper
1238 2063 1278 2101 in
1308 2061 1402 2101 vrbe
1432 2062 1596 2109 leuatur,

557 2131 609 2168 Et
639 2130 730 2168 licet
759 2130 946 2179 indignus
975 2129 1135 2167 culmen
1165 2128 1326 2166 honoris
1357 2126 1492 2165 habet.

557 2195 676 2233 Vrbis
706 2194 890 2233 nobilitas
920 2195 1063 2243 poterit
1093 2201 1188 2231 tunc
1219 2193 1394 2242 dampna
1422 2195 1575 2239 timere,

560 2261 665 2299 Cum
695 2273 801 2298 noua
829 2260 1038 2297 stultorum
1067 2258 1189 2308 gloria
1218 2258 1352 2296 laudat
1382 2270 1485 2295 eum.
1859 2264 1926 2304 850

559 2326 717 2364 Arridet
746 2326 888 2363 stultus
917 2325 1048 2371 stulto,
1081 2324 1136 2362 vir
1160 2323 1290 2372 iniqus
1321 2323 1471 2372 iniquo,

559 2391 719 2430 Gaudet
748 2398 927 2430 sensatus
957 2403 1048 2428 cum
1079 2389 1257 2438 sapiente
1285 2388 1379 2426 viro.

559 2457 749 2506 Asperius
780 2456 901 2494 nichil
931 2462 989 2494 est
1019 2455 1157 2492 humili
1189 2466 1279 2491 cum
1312 2454 1432 2502 surgit
1463 2453 1502 2490 in
1531 2453 1667 2500 altum,

562 2522 708 2560 Saltem
739 2535 830 2559 cum
861 2534 997 2560 seruus
1027 2521 1199 2558 nascitur
1227 2519 1311 2568 ipse
1340 2519 1471 2568 prius3

561 2588 681 2626 Mens
711 2588 874 2637 antiqua
902 2593 1036 2624 manet
1065 2585 1167 2624 serui
1197 2585 1248 2623 de
1277 2584 1527 2632 condicione,

563 2653 643 2690 Det
672 2653 854 2701 quamuis
885 2665 1085 2690 summum
1115 2663 1197 2689 sors
1227 2648 1301 2687 sibi
1331 2649 1430 2687 ferre
1460 2657 1619 2688 statum.

562 2718 601 2756 Si
632 2718 799 2755 cursoris
829 2718 921 2767 equi
952 2718 1046 2755 sella
1076 2717 1124 2754 sit
1154 2715 1310 2754 Asellus
1340 2723 1511 2764 opertus,

496 2807 578 2846 Cap.
599 2817 653 2837 xv.
670 2806 831 2848 Hcading
848 2817 862 2837 1
883 2807 957 2838 ciue
975 2806 1033 2837 illo
1051 2805 1075 2837 S
1121 2805 1180 2836 illo
1197 2804 1270 2835 ciue
1285 2804 1508 2835 CEHGDLT
1641 2815 1661 2835 2
1679 2803 1919 2844 ministerium]

455 2859 601 2891 officium
619 2859 675 2890 CE
