2095 3173
505 227 586 267 228

978 226 1108 268 VOX
1148 227 1509 268 CLAMANTIS

613 335 764 384 Sepius‚
796 335 836 372 in
866 335 994 384 primo
1023 333 1133 383 quod
1163 340 1244 371 erat
1275 332 1451 371 sanabile
1480 333 1634 380 vulnus,

614 401 791 438 Dilatum
820 400 940 449 longo
968 405 1147 448 tempore
1177 398 1303 437 nescit
1332 410 1463 448 opem.
1914 412 1981 448 970

611 465 676 503 Ad
707 465 899 503 vomitum
929 464 1057 503 scelus
1086 470 1145 502 est
1174 463 1401 502 reuocabile
1430 464 1555 513 fitque
1585 470 1776 502 nouatum

611 530 778 577 Vulnus,
810 536 849 569 et
878 530 1043 568 infirmis
1072 542 1192 567 causa
1220 529 1361 579 pusilla
1391 535 1531 568 nocet:

609 595 766 633 Vulnus
797 595 837 633 in
866 595 1048 645 antiqum
1077 595 1201 634 rediet
1230 595 1335 633 mala
1364 607 1460 633 sana
1488 595 1673 643 cicatrix3

610 661 802 699 Defectus
831 673 924 700 cure
953 673 1072 699 eausa
1100 660 1238 710 prioris
1268 666 1361 699 erat.

663 726 717 764 Vt
746 726 809 764 vix
837 726 1054 764 extinctum
1084 726 1257 764 cinerem
1287 725 1361 764 sub
1390 726 1579 775 sulphure
1608 732 1756 776 tangas,

608 791 731 838 Viuit,
763 798 802 830 et
831 803 879 830 ex
907 791 1075 830 minimo
1105 791 1298 829 maximus
1329 791 1429 841 ignis
1459 791 1531 830 erit
1546 805 1557 839 ;

610 856 675 895 Sic
705 856 917 896 indiscrete
945 863 1120 895 veterem
1150 857 1218 906 qui
1248 857 1407 906 corripit
1439 857 1550 904 iram,

610 922 853 962 Commouet
882 935 929 961 ex
957 922 1060 961 facili
1090 923 1189 961 ferre
1218 922 1328 972 quod
1358 923 1442 972 ipse
1471 923 1633 972 nequit:

611 988 801 1037 Quelibet
830 989 1025 1027 extinctos
1055 988 1196 1026 iniuria
1225 987 1388 1026 suscitat
1418 988 1540 1038 igneS‚

609 1053 703 1102 Quo
733 1054 839 1103 prius
869 1053 993 1092 oblita
1021 1053 1166 1092 sorcius
1196 1053 1251 1091 ira
1280 1053 1394 1092 redit.
1912 1061 1978 1102 980

608 1120 674 1158 Ira
703 1119 819 1167 subit,
852 1119 1032 1158 deforme
1060 1119 1221 1166 malum,
1252 1119 1431 1169 lucrique
1459 1119 1607 1169 cupido
1622 1133 1633 1167 3

608 1185 680 1223 Est
709 1184 774 1224 vbi
805 1185 935 1223 nullus
964 1197 1085 1232 amor,
1116 1184 1208 1223 vrbs
1237 1184 1359 1224 habet
1388 1197 1509 1224 omne
1538 1185 1712 1235 nephas:

608 1248 787 1289 Crimina
816 1251 1013 1298 dicuntur,
1045 1257 1202 1289 resonat
1231 1250 1470 1289 clamoribus
1500 1251 1621 1299 ether,

608 1316 778 1355 Inuocat
807 1317 949 1355 iratum
979 1317 1035 1355 sic
1064 1315 1139 1355 sibi
1169 1317 1339 1367 quisque
1368 1317 1500 1356 deum.

607 1382 783 1420 Pertinet
811 1382 863 1420 ad
892 1382 1000 1420 ciues
1030 1380 1188 1420 rabidos
1219 1394 1473 1432 compescere
1503 1394 1633 1421 mores

607 1446 792 1486 Candida
820 1460 896 1496 pax
924 1448 1119 1495 homines,
1150 1454 1237 1486 trux
1267 1448 1384 1486 decet
1413 1449 1468 1486 ira
1497 1449 1622 1486 feras:

607 1513 726 1550 Nulla
755 1513 866 1560 fides,
898 1512 965 1551 vbi
995 1513 1126 1551 nullus
1155 1525 1277 1560 amor,
1309 1519 1367 1551 set
1396 1525 1531 1551 amore
1561 1519 1715 1551 remoto

606 1579 768 1628 Ignorat
796 1579 998 1628 proprium
1029 1579 1207 1629 quisquis
1238 1579 1278 1616 in
1308 1578 1401 1617 vrbe
1430 1579 1606 1628 gradum.

605 1645 715 1682 Dum
745 1644 873 1682 diuisa
901 1651 1037 1682 manet
1065 1643 1178 1694 plebs
1207 1656 1231 1681 a
1260 1644 1506 1693 sapientibus
1535 1643 1652 1690 vrbis,

605 1709 829 1749 Consilium
858 1710 983 1748 multe
1011 1709 1233 1748 calliditatis
1264 1709 1361 1748 init:
1907 1726 1973 1758 990

605 1776 725 1826 Ignis,
757 1788 860 1825 aqua
888 1775 1101 1814 dominans
1131 1776 1212 1814 duo
1242 1782 1334 1813 sunt
1363 1775 1509 1824 pietate
1538 1781 1724 1822 carentes,

604 1842 755 1892 Vulgus
786 1848 824 1880 et
853 1842 1072 1880 indomitus
1101 1842 1212 1891 peior
1241 1840 1410 1880 habetur
1440 1841 1508 1879 eis.

658 1908 797 1957 Nuper
825 1907 979 1945 iusticia
1007 1919 1083 1956 pax
1112 1913 1150 1946 et
1179 1906 1395 1945 concordia
1424 1906 1533 1944 ciues

601 1972 742 2011 Rebus
771 1979 810 2011 et
839 1973 879 2010 in
908 1972 1036 2011 causis
1065 1972 1281 2011 rectificare
1311 1972 1428 2011 solet.

601 2038 721 2075 Nunc
750 2036 817 2075 vbi
846 2039 969 2075 sunt?
1007 2037 1128 2076 dicas.
1188 2038 1282 2075 Non
1312 2037 1389 2075 hic.
1448 2037 1529 2077 Cur
1560 2043 1656 2075 tunc
1684 2037 1898 2077 abierunt?

602 2103 724 2141 Liuor
752 2109 791 2141 et
819 2102 968 2152 argenti
998 2102 1145 2140 lamina
1175 2115 1294 2140 causa
1323 2103 1407 2141 fuit.

600 2167 724 2216 Quod
753 2167 869 2205 dolus
898 2166 1081 2216 adquirit,
1113 2167 1268 2205 lucrum
1297 2166 1477 2205 durabile
1507 2180 1591 2206 non
1621 2174 1694 2214 est,

599 2232 757 2270 Invidie
787 2244 861 2270 nec
890 2243 1002 2269 amor
1031 2231 1146 2269 durat
1176 2232 1216 2269 in
1245 2231 1341 2270 vrbe
1371 2244 1518 2271 comes.

600 2295 734 2335 Ablue
762 2296 935 2346 preteriti
965 2296 1134 2345 periuria
1163 2296 1363 2345 temporis,
1396 2308 1497 2345 or03

599 2360 732 2400 Ablue
761 2361 944 2410 preterita
972 2361 1123 2410 perfida
1151 2360 1271 2398 verba
1301 2360 1376 2398 die.
1886 2378 1969 2400 1000

600 2426 665 2465 Sic
694 2427 783 2476 plus
811 2438 933 2476 quarn
962 2426 1070 2464 credi
1099 2426 1242 2475 poterit
1274 2426 1431 2464 fortuna
1461 2426 1622 2474 reviuet,

598 2492 737 2541 Surget
766 2498 805 2530 et
834 2491 874 2528 in
904 2491 1080 2540 precium
1110 2490 1220 2540 quod
1250 2491 1373 2529 modo
1401 2491 1477 2529 vile
1506 2492 1627 2530 cadit.

598 2557 756 2595 Assolet
786 2556 985 2594 interdum
1016 2555 1099 2593 fieri
1130 2555 1324 2605 placabile
1353 2568 1514 2604 numen,

599 2620 720 2659 Nube
748 2621 848 2659 solet
877 2621 989 2670 pulsa
1018 2621 1158 2659 clarior
1187 2632 1272 2658 esse
1302 2620 1411 2660 dies:

598 2686 680 2723 Pax
709 2686 823 2724 datur
851 2685 892 2723 in
922 2686 1032 2724 terris
1063 2685 1207 2735 quibus
1237 2692 1340 2723 extat
1370 2686 1536 2724 honesta
1566 2686 1748 2724 voluntas
1763 2701 1773 2734 3

602 2750 672 2787 Vir
700 2751 826 2788 malus
855 2762 975 2789 omne
1004 2750 1114 2800 quod
1142 2756 1201 2788 est
1230 2750 1337 2799 pacis
1366 2749 1417 2788 ab
1446 2749 1541 2789 vrbe
1569 2750 1687 2800 fugat.

598 2815 731 2853 Roma
759 2822 878 2866 caput
906 2815 1046 2854 mundi
1076 2815 1147 2853 fuit
1176 2815 1285 2853 omni
1314 2822 1506 2865 tempore,
1538 2816 1676 2854 saltem

991 2899 1056 2930 975
1079 2888 1135 2921 No
1145 2893 1285 2931 paragr.
1304 2889 1466 2922 CEHTD
