<?xml version="1.0" encoding="UTF-8"?>
<!DOCTYPE html PUBLIC "-//W3C//DTD XHTML 1.0 Transitional//EN"
    "http://www.w3.org/TR/xhtml1/DTD/xhtml1-transitional.dtd">
<html xmlns="http://www.w3.org/1999/xhtml" xml:lang="en" lang="en">
 <head>
  <title>
</title>
<meta http-equiv="Content-Type" content="text/html;charset=utf-8" />
  <meta name='ocr-system' content='tesseract 3.04.00' />
  <meta name='ocr-capabilities' content='ocr_page ocr_carea ocr_par ocr_line ocrx_word'/>
</head>
<body>
  <div class='ocr_page' id='page_1' title='image "./completeworksofj04gowe_0298.png"; bbox 0 0 2095 3173; ppageno 0'>
   <div class='ocr_carea' id='block_1_1' title="bbox 494 237 570 285">
    <p class='ocr_par' dir='ltr' id='par_1_1' title="bbox 494 237 570 285">
     <span class='ocr_line' id='line_1_1' title="bbox 494 237 570 285; baseline -0.026 -11"><span class='ocrx_word' id='word_1_1' title='bbox 494 237 570 285; x_wconf 85' lang='lat'><strong>196</strong></span> 
     </span>
    </p>
   </div>
   <div class='ocr_carea' id='block_1_2' title="bbox 963 234 1495 277">
    <p class='ocr_par' dir='ltr' id='par_1_2' title="bbox 963 234 1495 277">
     <span class='ocr_line' id='line_1_2' title="bbox 963 234 1495 277; baseline 0.004 -2"><span class='ocrx_word' id='word_1_2' title='bbox 963 234 1093 276; x_wconf 92' lang='lat' dir='ltr'><strong>VOX</strong></span> <span class='ocrx_word' id='word_1_3' title='bbox 1134 235 1495 277; x_wconf 85' lang='lat' dir='ltr'><strong>CLAMANTIS</strong></span> 
     </span>
    </p>
   </div>
   <div class='ocr_carea' id='block_1_3' title="bbox 598 341 1619 456">
    <p class='ocr_par' dir='ltr' id='par_1_3' title="bbox 598 341 1619 456">
     <span class='ocr_line' id='line_1_3' title="bbox 600 341 1619 392; baseline 0.001 -12"><span class='ocrx_word' id='word_1_4' title='bbox 600 342 778 391; x_wconf 82' lang='lat' dir='ltr'>Despicit</span> <span class='ocrx_word' id='word_1_5' title='bbox 808 341 966 391; x_wconf 86' lang='lat' dir='ltr'><strong>eloquia</strong></span> <span class='ocrx_word' id='word_1_6' title='bbox 996 341 1095 380; x_wconf 91' lang='lat' dir='ltr'><strong>deus</strong></span> <span class='ocrx_word' id='word_1_7' title='bbox 1125 342 1271 389; x_wconf 89' lang='lat' dir='ltr'><strong>omnia,</strong></span> <span class='ocrx_word' id='word_1_8' title='bbox 1304 343 1468 392; x_wconf 90' lang='lat' dir='ltr'><strong>quando</strong></span> <span class='ocrx_word' id='word_1_9' title='bbox 1498 344 1619 392; x_wconf 90' lang='lat' dir='ltr'><strong>polita</strong></span> 
     </span>
     <span class='ocr_line' id='line_1_4' title="bbox 598 407 1527 456; baseline 0.001 -11"><span class='ocrx_word' id='word_1_10' title='bbox 598 410 633 445; x_wconf 82' lang='lat' dir='ltr'>T</span> <span class='ocrx_word' id='word_1_11' title='bbox 637 415 724 445; x_wconf 89' lang='lat' dir='ltr'><strong>ecta</strong></span> <span class='ocrx_word' id='word_1_12' title='bbox 753 407 828 445; x_wconf 89' lang='lat' dir='ltr'><strong>sub</strong></span> <span class='ocrx_word' id='word_1_13' title='bbox 858 407 1006 456; x_wconf 88' lang='lat' dir='ltr'><strong>eloquii</strong></span> <span class='ocrx_word' id='word_1_14' title='bbox 1035 407 1153 445; x_wconf 87' lang='lat' dir='ltr'><strong>melle</strong></span> <span class='ocrx_word' id='word_1_15' title='bbox 1182 419 1338 445; x_wconf 85' lang='lat' dir='ltr'><strong>venena</strong></span> <span class='ocrx_word' id='word_1_16' title='bbox 1366 408 1527 447; x_wconf 90' lang='lat' dir='ltr'><strong>fouent:</strong></span> 
     </span>
    </p>
   </div>
   <div class='ocr_carea' id='block_1_4' title="bbox 599 469 1756 520">
    <p class='ocr_par' dir='ltr' id='par_1_4' title="bbox 599 469 1756 520">
     <span class='ocr_line' id='line_1_5' title="bbox 599 469 1756 520; baseline 0.002 -12"><span class='ocrx_word' id='word_1_17' title='bbox 599 471 679 518; x_wconf 85' lang='lat' dir='ltr'><strong>Qui</strong></span> <span class='ocrx_word' id='word_1_18' title='bbox 710 469 816 508; x_wconf 88' lang='lat' dir='ltr'><strong>bona</strong></span> <span class='ocrx_word' id='word_1_19' title='bbox 846 469 964 508; x_wconf 89' lang='lat' dir='ltr'><strong>verba</strong></span> <span class='ocrx_word' id='word_1_20' title='bbox 995 470 1097 517; x_wconf 86' lang='lat' dir='ltr'><strong>serit,</strong></span> <span class='ocrx_word' id='word_1_21' title='bbox 1129 470 1209 519; x_wconf 86' lang='lat' dir='ltr'><strong>agit</strong></span> <span class='ocrx_word' id='word_1_22' title='bbox 1238 477 1276 508; x_wconf 88' lang='lat' dir='ltr'><strong>et</strong></span> <span class='ocrx_word' id='word_1_23' title='bbox 1306 471 1420 518; x_wconf 89' lang='lat' dir='ltr'><strong>male,</strong></span> <span class='ocrx_word' id='word_1_24' title='bbox 1453 472 1617 520; x_wconf 83' lang='lat' dir='ltr'>turpiter</span> <span class='ocrx_word' id='word_1_25' title='bbox 1646 480 1756 519; x_wconf 90' lang='lat' dir='ltr'><strong>errat,</strong></span> 
     </span>
    </p>
   </div>
   <div class='ocr_carea' id='block_1_5' title="bbox 582 534 1702 2810">
    <p class='ocr_par' dir='ltr' id='par_1_5' title="bbox 596 534 1696 717">
     <span class='ocr_line' id='line_1_6' title="bbox 597 534 1562 586; baseline 0 -13"><span class='ocrx_word' id='word_1_26' title='bbox 597 537 702 574; x_wconf 87' lang='lat' dir='ltr'><strong>Nam</strong></span> <span class='ocrx_word' id='word_1_27' title='bbox 733 542 823 585; x_wconf 90' lang='lat' dir='ltr'><strong>post</strong></span> <span class='ocrx_word' id='word_1_28' title='bbox 852 534 972 574; x_wconf 89' lang='lat' dir='ltr'><strong>verba</strong></span> <span class='ocrx_word' id='word_1_29' title='bbox 1002 536 1101 574; x_wconf 88' lang='lat' dir='ltr'><strong>solet</strong></span> <span class='ocrx_word' id='word_1_30' title='bbox 1130 536 1242 573; x_wconf 90' lang='lat' dir='ltr'><strong>accio</strong></span> <span class='ocrx_word' id='word_1_31' title='bbox 1272 543 1408 574; x_wconf 86' lang='lat' dir='ltr'><strong>sancta</strong></span> <span class='ocrx_word' id='word_1_32' title='bbox 1438 537 1562 586; x_wconf 85' lang='lat' dir='ltr'><strong>sequi.</strong></span> 
     </span>
     <span class='ocr_line' id='line_1_7' title="bbox 597 601 1696 653; baseline 0.003 -15"><span class='ocrx_word' id='word_1_33' title='bbox 597 602 711 649; x_wconf 85' lang='lat' dir='ltr'><strong>Quos</strong></span> <span class='ocrx_word' id='word_1_34' title='bbox 740 601 864 651; x_wconf 85' lang='lat' dir='ltr'><strong>magis</strong></span> <span class='ocrx_word' id='word_1_35' title='bbox 893 601 971 639; x_wconf 90' lang='lat' dir='ltr'><strong>alta</strong></span> <span class='ocrx_word' id='word_1_36' title='bbox 1001 602 1108 640; x_wconf 91' lang='lat' dir='ltr'><strong>scola</strong></span> <span class='ocrx_word' id='word_1_37' title='bbox 1137 602 1242 648; x_wconf 87' lang='lat' dir='ltr'><strong>colit,</strong></span> <span class='ocrx_word' id='word_1_38' title='bbox 1275 602 1328 639; x_wconf 89' lang='lat' dir='ltr'><strong>hii</strong></span> <span class='ocrx_word' id='word_1_39' title='bbox 1358 614 1542 640; x_wconf 82' lang='lat' dir='ltr'>sermone</span> <span class='ocrx_word' id='word_1_40' title='bbox 1571 604 1696 653; x_wconf 91' lang='lat' dir='ltr'><strong>polito</strong></span> 
     </span>
     <span class='ocr_line' id='line_1_8' title="bbox 596 666 1424 717; baseline 0.001 -12"><span class='ocrx_word' id='word_1_41' title='bbox 596 667 791 705; x_wconf 88' lang='lat' dir='ltr'><strong>Scandala</strong></span> <span class='ocrx_word' id='word_1_42' title='bbox 820 666 953 705; x_wconf 90' lang='lat' dir='ltr'><strong>subtili</strong></span> <span class='ocrx_word' id='word_1_43' title='bbox 983 667 1088 717; x_wconf 88' lang='lat' dir='ltr'><strong>picta</strong></span> <span class='ocrx_word' id='word_1_44' title='bbox 1117 668 1249 705; x_wconf 91' lang='lat' dir='ltr'><strong>colore</strong></span> <span class='ocrx_word' id='word_1_45' title='bbox 1279 675 1424 706; x_wconf 90' lang='lat' dir='ltr'><strong>serunt.</strong></span> 
     </span>
    </p>

    <p class='ocr_par' dir='ltr' id='par_1_6' title="bbox 582 733 1702 2810">
     <span class='ocr_line' id='line_1_9' title="bbox 649 733 1662 784; baseline 0.001 -12"><span class='ocrx_word' id='word_1_46' title='bbox 649 733 789 783; x_wconf 90' lang='lat' dir='ltr'><strong>Sepius</strong></span> <span class='ocrx_word' id='word_1_47' title='bbox 818 740 885 771; x_wconf 91' lang='lat' dir='ltr'><strong>aut</strong></span> <span class='ocrx_word' id='word_1_48' title='bbox 914 734 1067 771; x_wconf 91' lang='lat' dir='ltr'><strong>lucrum</strong></span> <span class='ocrx_word' id='word_1_49' title='bbox 1097 734 1158 772; x_wconf 89' lang='lat' dir='ltr'><strong>vel</strong></span> <span class='ocrx_word' id='word_1_50' title='bbox 1188 734 1350 772; x_wconf 89' lang='lat' dir='ltr'><strong>honoris</strong></span> <span class='ocrx_word' id='word_1_51' title='bbox 1379 734 1547 784; x_wconf 89' lang='lat' dir='ltr'><strong>adepeio</strong></span> <span class='ocrx_word' id='word_1_52' title='bbox 1572 736 1662 774; x_wconf 90' lang='lat' dir='ltr'><strong>vani</strong></span> 
     </span>
     <span class='ocr_line' id='line_1_10' title="bbox 596 800 1514 849; baseline 0.002 -12"><span class='ocrx_word' id='word_1_53' title='bbox 596 801 775 837; x_wconf 87' lang='lat' dir='ltr'>Fratrum</span> <span class='ocrx_word' id='word_1_54' title='bbox 805 811 1008 837; x_wconf 84' lang='lat' dir='ltr'><strong>sermones</strong></span> <span class='ocrx_word' id='word_1_55' title='bbox 1037 800 1105 838; x_wconf 92' lang='lat' dir='ltr'><strong>dat</strong></span> <span class='ocrx_word' id='word_1_56' title='bbox 1134 800 1257 849; x_wconf 87' lang='lat' dir='ltr'><strong>magis</strong></span> <span class='ocrx_word' id='word_1_57' title='bbox 1288 813 1374 838; x_wconf 90' lang='lat' dir='ltr'><strong>esse</strong></span> <span class='ocrx_word' id='word_1_58' title='bbox 1404 813 1514 840; x_wconf 85' lang='lat' dir='ltr'><strong>reos:</strong></span> 
     </span>
     <span class='ocr_line' id='line_1_11' title="bbox 593 864 1569 914; baseline 0.002 -12"><span class='ocrx_word' id='word_1_59' title='bbox 593 864 676 903; x_wconf 87' lang='lat' dir='ltr'><strong>Sub</strong></span> <span class='ocrx_word' id='word_1_60' title='bbox 706 865 822 903; x_wconf 87' lang='lat' dir='ltr'><strong>tritici</strong></span> <span class='ocrx_word' id='word_1_61' title='bbox 852 865 984 914; x_wconf 88' lang='lat' dir='ltr'><strong>specie</strong></span> <span class='ocrx_word' id='word_1_62' title='bbox 1013 865 1188 902; x_wconf 84' lang='lat' dir='ltr'><strong>zizannia</strong></span> <span class='ocrx_word' id='word_1_63' title='bbox 1218 877 1312 914; x_wconf 83' lang='lat' dir='ltr'><strong>sepe</strong></span> <span class='ocrx_word' id='word_1_64' title='bbox 1342 866 1569 912; x_wconf 90' lang='lat' dir='ltr'><strong>refundunt,</strong></span> 
     </span>
     <span class='ocr_line' id='line_1_12' title="bbox 593 930 1612 971; baseline 0.003 -4"><span class='ocrx_word' id='word_1_65' title='bbox 593 931 702 967; x_wconf 87' lang='lat' dir='ltr'><strong>Dum</strong></span> <span class='ocrx_word' id='word_1_66' title='bbox 732 930 914 968; x_wconf 88' lang='lat' dir='ltr'><strong>doctrina</strong></span> <span class='ocrx_word' id='word_1_67' title='bbox 943 937 1101 968; x_wconf 89' lang='lat' dir='ltr'><strong>tumens</strong></span> <span class='ocrx_word' id='word_1_68' title='bbox 1131 930 1258 968; x_wconf 85' lang='lat' dir='ltr'><strong>laudis</strong></span> <span class='ocrx_word' id='word_1_69' title='bbox 1287 943 1423 969; x_wconf 87' lang='lat' dir='ltr'><strong>amore</strong></span> <span class='ocrx_word' id='word_1_70' title='bbox 1452 931 1612 971; x_wconf 89' lang='lat' dir='ltr'><strong>studet:</strong></span> 
     </span>
     <span class='ocr_line' id='line_1_13' title="bbox 591 994 1551 1045; baseline 0.001 -12"><span class='ocrx_word' id='word_1_71' title='bbox 591 996 694 1045; x_wconf 88' lang='lat' dir='ltr'><strong>Sepe</strong></span> <span class='ocrx_word' id='word_1_72' title='bbox 724 996 804 1034; x_wconf 91' lang='lat' dir='ltr'><strong>suis</strong></span> <span class='ocrx_word' id='word_1_73' title='bbox 834 995 982 1034; x_wconf 87' lang='lat' dir='ltr'><strong>meritis</strong></span> <span class='ocrx_word' id='word_1_74' title='bbox 1013 994 1213 1033; x_wconf 86' lang='lat' dir='ltr'><strong>ascribere</strong></span> <span class='ocrx_word' id='word_1_75' title='bbox 1243 996 1355 1043; x_wconf 88' lang='lat' dir='ltr'><strong>facta,</strong></span> <span class='ocrx_word' id='word_1_76' title='bbox 1388 1008 1551 1034; x_wconf 85' lang='lat' dir='ltr'><strong>mouere</strong></span> 
     </span>
     <span class='ocr_line' id='line_1_14' title="bbox 591 1061 1496 1111; baseline 0 -13"><span class='ocrx_word' id='word_1_77' title='bbox 591 1062 754 1109; x_wconf 85' lang='lat' dir='ltr'><strong>Scisma,</strong></span> <span class='ocrx_word' id='word_1_78' title='bbox 787 1061 1002 1111; x_wconf 91' lang='lat' dir='ltr'><strong>peritorum</strong></span> <span class='ocrx_word' id='word_1_79' title='bbox 1032 1073 1145 1099; x_wconf 87' lang='lat' dir='ltr'><strong>mens</strong></span> <span class='ocrx_word' id='word_1_80' title='bbox 1176 1061 1353 1099; x_wconf 85' lang='lat' dir='ltr'><strong>studiosa</strong></span> <span class='ocrx_word' id='word_1_81' title='bbox 1383 1062 1496 1100; x_wconf 83' lang='lat' dir='ltr'><strong>solet.</strong></span> 
     </span>
     <span class='ocr_line' id='line_1_15' title="bbox 593 1126 1689 1177; baseline 0.002 -13"><span class='ocrx_word' id='word_1_82' title='bbox 593 1127 738 1165; x_wconf 89' lang='lat' dir='ltr'><strong>Phiton</strong></span> <span class='ocrx_word' id='word_1_83' title='bbox 768 1128 854 1165; x_wconf 90' lang='lat' dir='ltr'><strong>siue</strong></span> <span class='ocrx_word' id='word_1_84' title='bbox 884 1128 1028 1177; x_wconf 84' lang='lat' dir='ltr'>Magus</span> <span class='ocrx_word' id='word_1_85' title='bbox 1058 1133 1117 1165; x_wconf 88' lang='lat' dir='ltr'><strong>est</strong></span> <span class='ocrx_word' id='word_1_86' title='bbox 1147 1127 1403 1174; x_wconf 84' lang='lat' dir='ltr'>scismaticus,</span> <span class='ocrx_word' id='word_1_87' title='bbox 1437 1128 1530 1176; x_wconf 80' lang='lat' dir='ltr'><strong>quia</strong></span> <span class='ocrx_word' id='word_1_88' title='bbox 1559 1126 1689 1166; x_wconf 87' lang='lat' dir='ltr'><strong>turbat</strong></span> 
     </span>
     <span class='ocr_line' id='line_1_16' title="bbox 591 1191 1552 1242; baseline 0 -12"><span class='ocrx_word' id='word_1_89' title='bbox 591 1194 741 1231; x_wconf 86' lang='lat' dir='ltr'><strong>Verum</strong></span> <span class='ocrx_word' id='word_1_90' title='bbox 771 1193 881 1242; x_wconf 90' lang='lat' dir='ltr'><strong>quod</strong></span> <span class='ocrx_word' id='word_1_91' title='bbox 911 1193 1039 1231; x_wconf 86' lang='lat' dir='ltr'><strong>credis</strong></span> <span class='ocrx_word' id='word_1_92' title='bbox 1069 1200 1107 1231; x_wconf 92' lang='lat' dir='ltr'><strong>et</strong></span> <span class='ocrx_word' id='word_1_93' title='bbox 1137 1191 1359 1231; x_wconf 86' lang='lat' dir='ltr'><strong>dubitanda</strong></span> <span class='ocrx_word' id='word_1_94' title='bbox 1388 1199 1524 1231; x_wconf 88' lang='lat' dir='ltr'><strong>mouet</strong></span> <span class='ocrx_word' id='word_1_95' title='bbox 1541 1207 1552 1241; x_wconf 80' lang='lat'><em>3</em></span> 
     </span>
     <span class='ocr_line' id='line_1_17' title="bbox 591 1258 1470 1307; baseline -0.002 -10"><span class='ocrx_word' id='word_1_96' title='bbox 591 1260 658 1297; x_wconf 83' lang='lat' dir='ltr'><strong>Set</strong></span> <span class='ocrx_word' id='word_1_97' title='bbox 688 1266 825 1297; x_wconf 88' lang='lat' dir='ltr'><strong>contra</strong></span> <span class='ocrx_word' id='word_1_98' title='bbox 854 1272 972 1297; x_wconf 91' lang='lat' dir='ltr'><strong>voces</strong></span> <span class='ocrx_word' id='word_1_99' title='bbox 1002 1259 1242 1296; x_wconf 80' lang='lat' dir='ltr'><strong>incantantis</strong></span> <span class='ocrx_word' id='word_1_100' title='bbox 1272 1258 1470 1307; x_wconf 89' lang='lat' dir='ltr'><strong>sapienter</strong></span> 
     </span>
     <span class='ocr_line' id='line_1_18' title="bbox 592 1323 1369 1372; baseline 0 -11"><span class='ocrx_word' id='word_1_101' title='bbox 592 1326 718 1363; x_wconf 86' lang='lat' dir='ltr'><strong>Aures</strong></span> <span class='ocrx_word' id='word_1_102' title='bbox 748 1323 902 1372; x_wconf 89' lang='lat' dir='ltr'><strong>obtura,</strong></span> <span class='ocrx_word' id='word_1_103' title='bbox 933 1337 984 1363; x_wconf 93' lang='lat' dir='ltr'><strong>ne</strong></span> <span class='ocrx_word' id='word_1_104' title='bbox 1013 1337 1081 1363; x_wconf 91' lang='lat' dir='ltr'><strong>cor</strong></span> <span class='ocrx_word' id='word_1_105' title='bbox 1109 1324 1273 1362; x_wconf 83' lang='lat' dir='ltr'><strong>adheret</strong></span> <span class='ocrx_word' id='word_1_106' title='bbox 1303 1324 1369 1362; x_wconf 89' lang='lat' dir='ltr'><strong>eis.</strong></span> 
     </span>
     <span class='ocr_line' id='line_1_19' title="bbox 590 1388 1615 1428; baseline 0.001 -1"><span class='ocrx_word' id='word_1_107' title='bbox 590 1390 684 1427; x_wconf 90' lang='lat' dir='ltr'><strong>Non</strong></span> <span class='ocrx_word' id='word_1_108' title='bbox 715 1397 806 1428; x_wconf 91' lang='lat' dir='ltr'><strong>sunt</strong></span> <span class='ocrx_word' id='word_1_109' title='bbox 836 1390 890 1427; x_wconf 91' lang='lat' dir='ltr'><strong>hii</strong></span> <span class='ocrx_word' id='word_1_110' title='bbox 920 1390 1056 1428; x_wconf 89' lang='lat' dir='ltr'><strong>fratres</strong></span> <span class='ocrx_word' id='word_1_111' title='bbox 1085 1390 1180 1428; x_wconf 88' lang='lat' dir='ltr'><strong>recti</strong></span> <span class='ocrx_word' id='word_1_112' title='bbox 1211 1402 1285 1427; x_wconf 90' lang='lat' dir='ltr'><strong>nec</strong></span> <span class='ocrx_word' id='word_1_113' title='bbox 1313 1400 1448 1426; x_wconf 85' lang='lat' dir='ltr'><strong>amore</strong></span> <span class='ocrx_word' id='word_1_114' title='bbox 1478 1388 1615 1428; x_wconf 88' lang='lat' dir='ltr'><strong>fideles</strong></span> 
     </span>
     <span class='ocr_line' id='line_1_20' title="bbox 589 1454 1372 1502; baseline -0.001 -10"><span class='ocrx_word' id='word_1_115' title='bbox 589 1455 769 1492; x_wconf 88' lang='lat' dir='ltr'><strong>Ecclesie</strong></span> <span class='ocrx_word' id='word_1_116' title='bbox 799 1455 927 1502; x_wconf 83' lang='lat' dir='ltr'><strong>Cristi‚</strong></span> <span class='ocrx_word' id='word_1_117' title='bbox 961 1455 1061 1492; x_wconf 89' lang='lat' dir='ltr'><strong>sicut</strong></span> <span class='ocrx_word' id='word_1_118' title='bbox 1092 1454 1260 1493; x_wconf 88' lang='lat' dir='ltr'><strong>habetur</strong></span> <span class='ocrx_word' id='word_1_119' title='bbox 1289 1454 1372 1501; x_wconf 77' lang='lat' dir='ltr'><strong>ibi3</strong></span> 
     </span>
     <span class='ocr_line' id='line_1_21' title="bbox 588 1519 1541 1570; baseline -0.001 -12"><span class='ocrx_word' id='word_1_120' title='bbox 588 1521 813 1570; x_wconf 83' lang='lat' dir='ltr'><strong>Inperfecta</strong></span> <span class='ocrx_word' id='word_1_121' title='bbox 842 1521 965 1570; x_wconf 85' lang='lat' dir='ltr'><strong>magis</strong></span> <span class='ocrx_word' id='word_1_122' title='bbox 996 1521 1190 1570; x_wconf 84' lang='lat' dir='ltr'><strong>Sinagoga</strong></span> <span class='ocrx_word' id='word_1_123' title='bbox 1221 1519 1374 1558; x_wconf 87' lang='lat' dir='ltr'><strong>notabit</strong></span> <span class='ocrx_word' id='word_1_124' title='bbox 1403 1532 1541 1558; x_wconf 89' lang='lat' dir='ltr'><strong>eorum</strong></span> 
     </span>
     <span class='ocr_line' id='line_1_22' title="bbox 588 1586 1546 1635; baseline 0 -12"><span class='ocrx_word' id='word_1_125' title='bbox 588 1586 835 1632; x_wconf 90' lang='lat' dir='ltr'><strong>Doctrinam‚</strong></span> <span class='ocrx_word' id='word_1_126' title='bbox 868 1587 985 1635; x_wconf 86' lang='lat' dir='ltr'><strong>plene</strong></span> <span class='ocrx_word' id='word_1_127' title='bbox 1014 1598 1092 1635; x_wconf 85' lang='lat' dir='ltr'><strong>que</strong></span> <span class='ocrx_word' id='word_1_128' title='bbox 1122 1598 1253 1635; x_wconf 84' lang='lat' dir='ltr'><strong>neque</strong></span> <span class='ocrx_word' id='word_1_129' title='bbox 1282 1598 1371 1624; x_wconf 84' lang='lat' dir='ltr'><strong>vera</strong></span> <span class='ocrx_word' id='word_1_130' title='bbox 1401 1586 1546 1623; x_wconf 89' lang='lat' dir='ltr'><strong>docet:</strong></span> 
     </span>
     <span class='ocr_line' id='line_1_23' title="bbox 587 1650 1531 1700; baseline 0 -12"><span class='ocrx_word' id='word_1_131' title='bbox 587 1652 831 1689; x_wconf 90' lang='lat' dir='ltr'><strong>Multociens</strong></span> <span class='ocrx_word' id='word_1_132' title='bbox 862 1652 977 1700; x_wconf 85' lang='lat' dir='ltr'><strong>igitur</strong></span> <span class='ocrx_word' id='word_1_133' title='bbox 1005 1651 1089 1689; x_wconf 83' lang='lat' dir='ltr'><strong>aliis</strong></span> <span class='ocrx_word' id='word_1_134' title='bbox 1120 1658 1237 1689; x_wconf 92' lang='lat' dir='ltr'><strong>nocet</strong></span> <span class='ocrx_word' id='word_1_135' title='bbox 1268 1651 1331 1688; x_wconf 85' lang='lat' dir='ltr'><strong>illa</strong></span> <span class='ocrx_word' id='word_1_136' title='bbox 1361 1650 1531 1700; x_wconf 88' lang='lat' dir='ltr'><strong>superba</strong></span> 
     </span>
     <span class='ocr_line' id='line_1_24' title="bbox 588 1716 1438 1766; baseline -0.001 -12"><span class='ocrx_word' id='word_1_137' title='bbox 588 1716 716 1766; x_wconf 89' lang='lat' dir='ltr'><strong>Copia</strong></span> <span class='ocrx_word' id='word_1_138' title='bbox 744 1716 933 1754; x_wconf 89' lang='lat' dir='ltr'><strong>librorum</strong></span> <span class='ocrx_word' id='word_1_139' title='bbox 964 1729 1064 1765; x_wconf 89' lang='lat' dir='ltr'><strong>quos</strong></span> <span class='ocrx_word' id='word_1_140' title='bbox 1094 1717 1289 1765; x_wconf 84' lang='lat' dir='ltr'><strong>Sinagoga</strong></span> <span class='ocrx_word' id='word_1_141' title='bbox 1319 1722 1438 1754; x_wconf 88' lang='lat' dir='ltr'><strong>tenet.</strong></span> 
     </span>
     <span class='ocr_line' id='line_1_25' title="bbox 587 1782 1564 1831; baseline 0.001 -12"><span class='ocrx_word' id='word_1_142' title='bbox 587 1782 681 1820; x_wconf 93' lang='lat' dir='ltr'><strong>Non</strong></span> <span class='ocrx_word' id='word_1_143' title='bbox 711 1788 803 1820; x_wconf 92' lang='lat' dir='ltr'><strong>sunt</strong></span> <span class='ocrx_word' id='word_1_144' title='bbox 832 1782 999 1820; x_wconf 82' lang='lat' dir='ltr'><strong>ecclesie</strong></span> <span class='ocrx_word' id='word_1_145' title='bbox 1028 1782 1123 1820; x_wconf 89' lang='lat' dir='ltr'><strong>recti</strong></span> <span class='ocrx_word' id='word_1_146' title='bbox 1153 1782 1272 1829; x_wconf 89' lang='lat' dir='ltr'><strong>ciues,</strong></span> <span class='ocrx_word' id='word_1_147' title='bbox 1305 1783 1410 1831; x_wconf 88' lang='lat' dir='ltr'><strong>Agar</strong></span> <span class='ocrx_word' id='word_1_148' title='bbox 1439 1782 1564 1820; x_wconf 86' lang='lat' dir='ltr'><strong>immo</strong></span> 
     </span>
     <span class='ocr_line' id='line_1_26' title="bbox 586 1847 1412 1897; baseline 0 -12"><span class='ocrx_word' id='word_1_149' title='bbox 586 1848 755 1885; x_wconf 88' lang='lat' dir='ltr'><strong>Parturit</strong></span> <span class='ocrx_word' id='word_1_150' title='bbox 784 1848 936 1894; x_wconf 87' lang='lat' dir='ltr'><strong>ancilla,</strong></span> <span class='ocrx_word' id='word_1_151' title='bbox 969 1847 1120 1897; x_wconf 83' lang='lat' dir='ltr'><strong>perfida</strong></span> <span class='ocrx_word' id='word_1_152' title='bbox 1149 1853 1284 1894; x_wconf 86' lang='lat' dir='ltr'><strong>mater,</strong></span> <span class='ocrx_word' id='word_1_153' title='bbox 1318 1860 1412 1886; x_wconf 90' lang='lat' dir='ltr'><strong>eos:</strong></span> 
     </span>
     <span class='ocr_line' id='line_1_27' title="bbox 586 1913 1702 1963; baseline 0 -13"><span class='ocrx_word' id='word_1_154' title='bbox 586 1914 691 1962; x_wconf 85' lang='lat' dir='ltr'><strong>Ergo</strong></span> <span class='ocrx_word' id='word_1_155' title='bbox 721 1913 879 1951; x_wconf 85' lang='lat' dir='ltr'><strong>recedat</strong></span> <span class='ocrx_word' id='word_1_156' title='bbox 909 1914 1024 1962; x_wconf 87' lang='lat' dir='ltr'><strong>Agar,</strong></span> <span class='ocrx_word' id='word_1_157' title='bbox 1055 1913 1180 1962; x_wconf 91' lang='lat' dir='ltr'><strong>pariat</strong></span> <span class='ocrx_word' id='word_1_158' title='bbox 1209 1925 1370 1963; x_wconf 86' lang='lat' dir='ltr'><strong>quoque</strong></span> <span class='ocrx_word' id='word_1_159' title='bbox 1400 1913 1513 1951; x_wconf 88' lang='lat' dir='ltr'><strong>Sarra</strong></span> <span class='ocrx_word' id='word_1_160' title='bbox 1543 1913 1702 1952; x_wconf 89' lang='lat' dir='ltr'><strong>fidelem</strong></span> 
     </span>
     <span class='ocr_line' id='line_1_28' title="bbox 585 1978 1455 2028; baseline 0 -12"><span class='ocrx_word' id='word_1_161' title='bbox 585 1979 766 2017; x_wconf 89' lang='lat' dir='ltr'><strong>Ecclesie</strong></span> <span class='ocrx_word' id='word_1_162' title='bbox 794 1979 954 2025; x_wconf 87' lang='lat' dir='ltr'><strong>clerum,</strong></span> <span class='ocrx_word' id='word_1_163' title='bbox 988 1979 1056 2017; x_wconf 91' lang='lat' dir='ltr'><strong>det</strong></span> <span class='ocrx_word' id='word_1_164' title='bbox 1085 1978 1280 2028; x_wconf 83' lang='lat' dir='ltr'><strong>Sinagoga</strong></span> <span class='ocrx_word' id='word_1_165' title='bbox 1310 1978 1455 2016; x_wconf 86' lang='lat' dir='ltr'><strong>locum.</strong></span> 
     </span>
     <span class='ocr_line' id='line_1_29' title="bbox 586 2044 1592 2094; baseline 0 -13"><span class='ocrx_word' id='word_1_166' title='bbox 586 2045 783 2082; x_wconf 87' lang='lat' dir='ltr'><strong>Plantauit</strong></span> <span class='ocrx_word' id='word_1_167' title='bbox 813 2045 936 2094; x_wconf 88' lang='lat' dir='ltr'><strong>pietas</strong></span> <span class='ocrx_word' id='word_1_168' title='bbox 966 2051 1004 2083; x_wconf 90' lang='lat' dir='ltr'><strong>et</strong></span> <span class='ocrx_word' id='word_1_169' title='bbox 1033 2056 1145 2082; x_wconf 86' lang='lat' dir='ltr'><strong>amor</strong></span> <span class='ocrx_word' id='word_1_170' title='bbox 1173 2044 1388 2093; x_wconf 88' lang='lat' dir='ltr'><strong>primordia</strong></span> <span class='ocrx_word' id='word_1_171' title='bbox 1417 2044 1592 2091; x_wconf 82' lang='lat' dir='ltr'><strong>fratrum,</strong></span> 
     </span>
     <span class='ocr_line' id='line_1_30' title="bbox 585 2109 1506 2158; baseline 0 -11"><span class='ocrx_word' id='word_1_172' title='bbox 585 2110 699 2157; x_wconf 83' lang='lat' dir='ltr'><strong>Quos</strong></span> <span class='ocrx_word' id='word_1_173' title='bbox 728 2110 834 2147; x_wconf 90' lang='lat' dir='ltr'><strong>furor</strong></span> <span class='ocrx_word' id='word_1_174' title='bbox 863 2109 913 2147; x_wconf 87' lang='lat' dir='ltr'><strong>ad</strong></span> <span class='ocrx_word' id='word_1_175' title='bbox 943 2122 1104 2158; x_wconf 86' lang='lat' dir='ltr'><strong>presens</strong></span> <span class='ocrx_word' id='word_1_176' title='bbox 1133 2109 1375 2146; x_wconf 86' lang='lat' dir='ltr'><strong>ambiciosus</strong></span> <span class='ocrx_word' id='word_1_177' title='bbox 1403 2109 1506 2158; x_wconf 85' lang='lat' dir='ltr'><strong>agit:</strong></span> 
     </span>
     <span class='ocr_line' id='line_1_31' title="bbox 584 2173 1676 2223; baseline 0.002 -13"><span class='ocrx_word' id='word_1_178' title='bbox 584 2175 719 2212; x_wconf 82' lang='lat' dir='ltr'><strong>Frater</strong></span> <span class='ocrx_word' id='word_1_179' title='bbox 747 2174 859 2212; x_wconf 87' lang='lat' dir='ltr'><strong>adest</strong></span> <span class='ocrx_word' id='word_1_180' title='bbox 889 2174 1051 2221; x_wconf 88' lang='lat' dir='ltr'>Odium,</span> <span class='ocrx_word' id='word_1_181' title='bbox 1084 2174 1151 2223; x_wconf 88' lang='lat' dir='ltr'><strong>qui</strong></span> <span class='ocrx_word' id='word_1_182' title='bbox 1180 2174 1313 2212; x_wconf 88' lang='lat' dir='ltr'><strong>federa</strong></span> <span class='ocrx_word' id='word_1_183' title='bbox 1343 2174 1450 2223; x_wconf 80' lang='lat' dir='ltr'><strong>pacis</strong></span> <span class='ocrx_word' id='word_1_184' title='bbox 1480 2173 1676 2220; x_wconf 82' lang='lat' dir='ltr'><strong>abhorret,</strong></span> 
     </span>
     <span class='ocr_line' id='line_1_32' title="bbox 583 2238 1405 2288; baseline -0.004 -10"><span class='ocrx_word' id='word_1_185' title='bbox 583 2239 708 2278; x_wconf 89' lang='lat' dir='ltr'><strong>Cuius</strong></span> <span class='ocrx_word' id='word_1_186' title='bbox 737 2238 788 2277; x_wconf 88' lang='lat' dir='ltr'><strong>ab</strong></span> <span class='ocrx_word' id='word_1_187' title='bbox 819 2239 972 2277; x_wconf 88' lang='lat' dir='ltr'><strong>inferno</strong></span> <span class='ocrx_word' id='word_1_188' title='bbox 1002 2239 1106 2287; x_wconf 91' lang='lat' dir='ltr'><strong>cepit</strong></span> <span class='ocrx_word' id='word_1_189' title='bbox 1136 2238 1245 2288; x_wconf 85' lang='lat' dir='ltr'><strong>origo</strong></span> <span class='ocrx_word' id='word_1_190' title='bbox 1275 2238 1405 2286; x_wconf 81' lang='lat' dir='ltr'><strong>viam3</strong></span> 
     </span>
     <span class='ocr_line' id='line_1_33' title="bbox 583 2303 1591 2353; baseline -0.001 -11"><span class='ocrx_word' id='word_1_191' title='bbox 583 2305 657 2342; x_wconf 89' lang='lat' dir='ltr'><strong>Ille</strong></span> <span class='ocrx_word' id='word_1_192' title='bbox 686 2304 884 2353; x_wconf 83' lang='lat' dir='ltr'><strong>professus</strong></span> <span class='ocrx_word' id='word_1_193' title='bbox 914 2304 1021 2342; x_wconf 86' lang='lat' dir='ltr'><strong>enim</strong></span> <span class='ocrx_word' id='word_1_194' title='bbox 1052 2304 1273 2341; x_wconf 85' lang='lat' dir='ltr'><strong>claustralia</strong></span> <span class='ocrx_word' id='word_1_195' title='bbox 1302 2304 1385 2341; x_wconf 89' lang='lat' dir='ltr'><strong>iura</strong></span> <span class='ocrx_word' id='word_1_196' title='bbox 1415 2303 1591 2351; x_wconf 87' lang='lat' dir='ltr'><strong>resoluit,</strong></span> 
     </span>
     <span class='ocr_line' id='line_1_34' title="bbox 583 2369 1548 2418; baseline -0.002 -10"><span class='ocrx_word' id='word_1_197' title='bbox 583 2371 670 2408; x_wconf 93' lang='lat' dir='ltr'><strong>Nec</strong></span> <span class='ocrx_word' id='word_1_198' title='bbox 700 2370 782 2407; x_wconf 93' lang='lat' dir='ltr'><strong>fore</strong></span> <span class='ocrx_word' id='word_1_199' title='bbox 811 2369 1030 2407; x_wconf 88' lang='lat' dir='ltr'><strong>concordes</strong></span> <span class='ocrx_word' id='word_1_200' title='bbox 1060 2381 1159 2418; x_wconf 87' lang='lat' dir='ltr'><strong>quos</strong></span> <span class='ocrx_word' id='word_1_201' title='bbox 1190 2369 1280 2406; x_wconf 88' lang='lat' dir='ltr'><strong>sinit</strong></span> <span class='ocrx_word' id='word_1_202' title='bbox 1311 2369 1394 2417; x_wconf 91' lang='lat' dir='ltr'><strong>ipse</strong></span> <span class='ocrx_word' id='word_1_203' title='bbox 1423 2381 1548 2417; x_wconf 87' lang='lat' dir='ltr'><strong>pares.</strong></span> 
     </span>
     <span class='ocr_line' id='line_1_35' title="bbox 583 2434 1622 2484; baseline -0.002 -12"><span class='ocrx_word' id='word_1_204' title='bbox 583 2436 663 2483; x_wconf 85' lang='lat' dir='ltr'><strong>Qui</strong></span> <span class='ocrx_word' id='word_1_205' title='bbox 694 2441 827 2473; x_wconf 88' lang='lat' dir='ltr'><strong>tamen</strong></span> <span class='ocrx_word' id='word_1_206' title='bbox 857 2435 895 2472; x_wconf 85' lang='lat' dir='ltr'><strong>in</strong></span> <span class='ocrx_word' id='word_1_207' title='bbox 927 2435 1042 2484; x_wconf 89' lang='lat' dir='ltr'><strong>culpa</strong></span> <span class='ocrx_word' id='word_1_208' title='bbox 1072 2434 1187 2472; x_wconf 81' lang='lat' dir='ltr'><strong>frater</strong></span> <span class='ocrx_word' id='word_1_209' title='bbox 1216 2447 1257 2471; x_wconf 87' lang='lat' dir='ltr'><strong>se</strong></span> <span class='ocrx_word' id='word_1_210' title='bbox 1288 2434 1416 2480; x_wconf 86' lang='lat' dir='ltr'><strong>sentit,</strong></span> <span class='ocrx_word' id='word_1_211' title='bbox 1449 2442 1487 2472; x_wconf 87' lang='lat' dir='ltr'><strong>et</strong></span> <span class='ocrx_word' id='word_1_212' title='bbox 1517 2434 1622 2471; x_wconf 86' lang='lat' dir='ltr'><strong>illam</strong></span> 
     </span>
     <span class='ocr_line' id='line_1_36' title="bbox 583 2499 1385 2548; baseline 0 -10"><span class='ocrx_word' id='word_1_213' title='bbox 583 2501 677 2538; x_wconf 89' lang='lat' dir='ltr'><strong>Non</strong></span> <span class='ocrx_word' id='word_1_214' title='bbox 707 2500 824 2547; x_wconf 89' lang='lat' dir='ltr'><strong>delet,</strong></span> <span class='ocrx_word' id='word_1_215' title='bbox 856 2500 923 2538; x_wconf 91' lang='lat' dir='ltr'><strong>tali</strong></span> <span class='ocrx_word' id='word_1_216' title='bbox 952 2500 1043 2537; x_wconf 87' lang='lat' dir='ltr'><strong>talia</strong></span> <span class='ocrx_word' id='word_1_217' title='bbox 1071 2499 1191 2537; x_wconf 90' lang='lat' dir='ltr'><strong>verba</strong></span> <span class='ocrx_word' id='word_1_218' title='bbox 1220 2500 1385 2548; x_wconf 87' lang='lat' dir='ltr'><strong>loquor:</strong></span> 
     </span>
     <span class='ocr_line' id='line_1_37' title="bbox 585 2563 1619 2614; baseline 0 -11"><span class='ocrx_word' id='word_1_219' title='bbox 585 2566 736 2614; x_wconf 72' lang='lat' dir='ltr'><strong>‘Culpa</strong></span> <span class='ocrx_word' id='word_1_220' title='bbox 766 2566 857 2603; x_wconf 88' lang='lat' dir='ltr'><strong>mali</strong></span> <span class='ocrx_word' id='word_1_221' title='bbox 887 2565 1046 2603; x_wconf 85' lang='lat' dir='ltr'><strong>laudem</strong></span> <span class='ocrx_word' id='word_1_222' title='bbox 1077 2577 1158 2602; x_wconf 90' lang='lat' dir='ltr'><strong>non</strong></span> <span class='ocrx_word' id='word_1_223' title='bbox 1188 2563 1308 2602; x_wconf 90' lang='lat' dir='ltr'><strong>debet</strong></span> <span class='ocrx_word' id='word_1_224' title='bbox 1339 2565 1475 2602; x_wconf 88' lang='lat' dir='ltr'><strong>tollere</strong></span> <span class='ocrx_word' id='word_1_225' title='bbox 1505 2564 1619 2613; x_wconf 89' lang='lat' dir='ltr'><strong>iusto,</strong></span> 
     </span>
     <span class='ocr_line' id='line_1_38' title="bbox 583 2630 1564 2680; baseline 0.001 -12"><span class='ocrx_word' id='word_1_226' title='bbox 583 2632 687 2668; x_wconf 91' lang='lat' dir='ltr'><strong>Nam</strong></span> <span class='ocrx_word' id='word_1_227' title='bbox 717 2631 782 2668; x_wconf 87' lang='lat' dir='ltr'><strong>lux</strong></span> <span class='ocrx_word' id='word_1_228' title='bbox 813 2632 852 2668; x_wconf 91' lang='lat' dir='ltr'><strong>in</strong></span> <span class='ocrx_word' id='word_1_229' title='bbox 883 2630 1055 2669; x_wconf 85' lang='lat' dir='ltr'><strong>tenebris</strong></span> <span class='ocrx_word' id='word_1_230' title='bbox 1084 2630 1206 2679; x_wconf 85' lang='lat' dir='ltr'><strong>fulget</strong></span> <span class='ocrx_word' id='word_1_231' title='bbox 1236 2630 1387 2668; x_wconf 87' lang='lat' dir='ltr'><strong>honore</strong></span> <span class='ocrx_word' id='word_1_232' title='bbox 1417 2630 1564 2680; x_wconf 82' lang='lat' dir='ltr'><strong>magis:</strong></span> 
     </span>
     <span class='ocr_line' id='line_1_39' title="bbox 582 2694 1633 2745; baseline 0 -13"><span class='ocrx_word' id='word_1_233' title='bbox 582 2696 764 2745; x_wconf 83' lang='lat' dir='ltr'><strong>Quisque</strong></span> <span class='ocrx_word' id='word_1_234' title='bbox 793 2708 908 2733; x_wconf 87' lang='lat' dir='ltr'><strong>suum</strong></span> <span class='ocrx_word' id='word_1_235' title='bbox 939 2694 1109 2744; x_wconf 86' lang='lat' dir='ltr'><strong>portabit</strong></span> <span class='ocrx_word' id='word_1_236' title='bbox 1139 2706 1251 2741; x_wconf 90' lang='lat' dir='ltr'><strong>onus,</strong></span> <span class='ocrx_word' id='word_1_237' title='bbox 1283 2695 1462 2744; x_wconf 87' lang='lat' dir='ltr'><strong>culpetur</strong></span> <span class='ocrx_word' id='word_1_238' title='bbox 1492 2695 1633 2745; x_wconf 85' lang='lat' dir='ltr'><strong>iniqus,</strong></span> 
     </span>
     <span class='ocr_line' id='line_1_40' title="bbox 582 2758 1457 2810; baseline 0 -13"><span class='ocrx_word' id='word_1_239' title='bbox 582 2761 863 2810; x_wconf 84' lang='lat' dir='ltr'><strong>Laudeturque</strong></span> <span class='ocrx_word' id='word_1_240' title='bbox 896 2761 976 2798; x_wconf 87' lang='lat' dir='ltr'><strong>suis</strong></span> <span class='ocrx_word' id='word_1_241' title='bbox 1005 2758 1159 2798; x_wconf 88' lang='lat' dir='ltr'><strong>actibus</strong></span> <span class='ocrx_word' id='word_1_242' title='bbox 1190 2759 1272 2808; x_wconf 85' lang='lat' dir='ltr'><strong>ipse</strong></span> <span class='ocrx_word' id='word_1_243' title='bbox 1302 2759 1457 2798; x_wconf 84' lang='lat' dir='ltr'><strong>bonus.&#39;</strong></span> 
     </span>
    </p>
   </div>
   <div class='ocr_carea' id='block_1_6' title="bbox 859 2856 1557 2898">
    <p class='ocr_par' dir='ltr' id='par_1_7' title="bbox 859 2856 1557 2898">
     <span class='ocr_line' id='line_1_41' title="bbox 859 2856 1557 2898; baseline 0 -9"><span class='ocrx_word' id='word_1_244' title='bbox 859 2859 940 2889; x_wconf 87' lang='lat'><em>1081</em></span> <span class='ocrx_word' id='word_1_245' title='bbox 966 2856 1110 2898; x_wconf 88' lang='lat' dir='ltr'><strong>adepcio</strong></span> <span class='ocrx_word' id='word_1_246' title='bbox 1127 2856 1323 2888; x_wconf 87' lang='lat' dir='ltr'>CEHGDL</span> <span class='ocrx_word' id='word_1_247' title='bbox 1371 2857 1514 2898; x_wconf 88' lang='lat' dir='ltr'><strong>adopcio</strong></span> <span class='ocrx_word' id='word_1_248' title='bbox 1532 2857 1557 2889; x_wconf 89' lang='lat' dir='ltr'>S</span> 
     </span>
    </p>
   </div>
   <div class='ocr_carea' id='block_1_7' title="bbox 1882 678 1965 708">
    <p class='ocr_par' dir='ltr' id='par_1_8' title="bbox 1882 678 1965 708">
     <span class='ocr_line' id='line_1_42' title="bbox 1882 678 1965 708; baseline 0.012 -1"><span class='ocrx_word' id='word_1_249' title='bbox 1882 678 1965 708; x_wconf 88' lang='lat'>1080</span> 
     </span>
    </p>
   </div>
   <div class='ocr_carea' id='block_1_8' title="bbox 1875 1340 1961 1374">
    <p class='ocr_par' dir='ltr' id='par_1_9' title="bbox 1875 1340 1961 1374">
     <span class='ocr_line' id='line_1_43' title="bbox 1875 1340 1961 1374; baseline 0.012 -11"><span class='ocrx_word' id='word_1_250' title='bbox 1875 1340 1961 1374; x_wconf 90' lang='lat'>1090</span> 
     </span>
    </p>
   </div>
   <div class='ocr_carea' id='block_1_9' title="bbox 1869 1993 1954 2015">
    <p class='ocr_par' dir='ltr' id='par_1_10' title="bbox 1869 1993 1954 2015">
     <span class='ocr_line' id='line_1_44' title="bbox 1869 1993 1954 2015; baseline 0 0"><span class='ocrx_word' id='word_1_251' title='bbox 1869 1993 1954 2015; x_wconf 88' lang='lat'>1100</span> 
     </span>
    </p>
   </div>
   <div class='ocr_carea' id='block_1_10' title="bbox 2043 1351 2073 2559">
    <p class='ocr_par' dir='ltr' id='par_1_11' title="bbox 2043 1351 2073 2559">
     <span class='ocr_line' id='line_1_45' title="bbox 2043 1351 2073 2559; baseline 0 0"><span class='ocrx_word' id='word_1_252' title='bbox 2043 1351 2073 2559; x_wconf 95' lang='lat' dir='ltr'><strong> </strong></span> 
     </span>
    </p>
   </div>
  </div>
 </body>
</html>
