2095 3173
646 199 833 240 LIBER
874 199 1117 240 SEXTUS
1532 212 1611 252 245

253 305 364 354 Quid
392 306 561 355 populus
591 317 638 344 ve
667 306 752 353 sibi,
785 318 850 344 rex
880 306 952 344 nisi
983 311 1117 355 regnet
1146 304 1230 343 ibi?
1548 321 1612 352 530

253 371 325 409 Est
354 371 450 421 quid
479 383 555 418 rex,
588 371 662 409 nisi
692 371 901 409 consilium
933 371 1047 409 fuerit
1077 370 1151 409 sibi
1181 371 1350 408 sanum?

252 436 352 474 Sunt
381 436 478 486 quid
506 436 681 484 consilia,
713 448 778 474 rex
807 436 883 474 nisi
913 436 1046 474 credat
1076 436 1150 474 ea?

250 501 440 538 Attamen
470 501 510 538 in
540 508 672 538 nostra
701 501 757 538 sic
786 507 860 538 stat
889 501 1033 539 diuisio
1063 507 1175 548 terra,

251 565 374 613 Quod
403 565 478 604 sibi
507 566 675 615 quisque
704 578 814 603 suam
845 566 922 603 iam
952 566 1044 615 legit
1074 566 1128 604 ire
1155 566 1283 603 viam:

249 630 448 669 Conciues
478 630 598 668 hodie
627 630 823 668 discordia
851 637 966 669 vexat
995 631 1035 668 in
1064 630 1169 678 vrbe,

249 695 452 745 Extinguit
481 696 590 746 quod
621 697 680 733 ius
710 695 876 746 quilibet
904 697 1090 745 alterius;

248 761 333 799 Nec
363 762 425 799 lex
453 761 681 811 campestris
711 769 769 799 est
799 761 876 799 iam
905 769 1122 800 memorata
1151 762 1355 812 magistris,

246 827 313 865 Set
343 827 410 876 qui
440 827 526 876 plus
556 826 709 875 poterit,
742 826 825 875 ipse
854 827 1037 876 magister
1066 828 1148 865 erit.

247 892 366 929 Nunc
395 892 520 930 clerus
551 892 753 942 populum,
785 892 955 941 populus
985 893 1116 942 culpat
1145 904 1306 942 quoque
1336 892 1495 938 clerum,

246 957 298 995 Et
327 963 461 995 tamen
492 958 531 994 in
561 957 677 1006 culpa
705 963 851 1006 perstat
880 963 1044 1007 vterque
1073 970 1165 996 sua:
1541 971 1607 1003 540

246 1022 411 1060 Invidus
440 1023 598 1060 alterius
628 1034 735 1059 nunc
764 1023 896 1072 culpat
926 1022 1143 1073 quemlibet
1171 1023 1278 1068 alter,

246 1088 421 1137 Parsque
451 1100 566 1126 suum
596 1088 797 1137 proprium
827 1088 934 1125 nulla
963 1088 1146 1126 reformat
1176 1088 1258 1125 iter.

243 1153 283 1190 Si
314 1153 447 1191 videas
477 1159 686 1201 Vtrumque
716 1159 873 1198 statum,
904 1153 1011 1191 dices
1041 1154 1134 1203 quia
1162 1159 1266 1191 certe

246 1219 293 1256 In
323 1218 475 1267 magnis
505 1218 575 1256 lesi
604 1217 722 1255 rebus
751 1225 913 1267 vterque
943 1231 1089 1256 sumus.

298 1307 417 1344 Nunc
446 1306 569 1355 magis
598 1305 644 1342 in
674 1306 833 1354 specie
862 1319 948 1344 vox
976 1305 1130 1355 plebis
1160 1308 1333 1344 clamat
1364 1305 1538 1354 vbique

13 1363 25 1427 1,
243 1372 442 1409 Pectore
471 1370 556 1409 sub
585 1371 752 1410 timido
783 1383 871 1420 que
899 1373 1154 1410 metuenda
1183 1372 1292 1409 fero.

14 1426 25 1474 's
241 1437 383 1475 Curia
417 1449 507 1485 que
537 1437 683 1474 maior
712 1437 971 1475 defendere
1001 1437 1101 1474 iura
1130 1443 1329 1483 tenetur,

12 1474 31 1549 1,
242 1502 377 1539 Nunc
406 1502 553 1551 magis
583 1502 787 1540 iniustas
817 1502 1031 1541 ambulat
1061 1503 1163 1552 ipsa
1192 1502 1312 1540 vias:

12 1550 31 1618 {j}
241 1567 434 1605 Infirmo
463 1567 622 1616 capite
652 1568 899 1616 priuantur
927 1568 1137 1606 membra
1166 1568 1329 1614 salute,

14 1626 31 1718 1
241 1632 345 1670 Non
374 1638 531 1670 tamen
560 1639 629 1670 est
659 1633 872 1671 medicus
903 1634 982 1683 qui
1011 1633 1152 1672 modo
1181 1639 1312 1670 curat
1342 1644 1470 1681 opus.
1536 1647 1601 1678 550

22 1739 27 1751 1
240 1698 325 1735 Est
354 1698 420 1735 ita
449 1697 728 1746 magnificus
758 1698 988 1736 viciorum
1018 1698 1211 1737 morbus
1240 1698 1446 1744 abortus,

22 1743 31 1828 1
240 1763 381 1811 Quod
409 1763 534 1800 valet
563 1774 789 1800 excessus
819 1764 992 1802 tollere
1022 1764 1153 1801 nulla
1182 1775 1368 1802 manus:

21 1817 31 1884 11
240 1828 315 1865 Sic
345 1827 493 1865 oritur
520 1827 679 1876 pestis,
712 1840 793 1876 per
823 1840 960 1876 quam
990 1829 1115 1866 iacet
1144 1827 1313 1865 obruta
1342 1827 1502 1874 virtus,

23 1877 31 1897 '¹
241 1893 400 1942 Surgit
429 1898 472 1930 et
503 1892 547 1929 in
577 1892 750 1930 vicium
780 1893 859 1942 qui
890 1893 1009 1942 regit
1038 1905 1176 1931 omne
1205 1893 1365 1930 forum.

131 2056 316 2105 545—580
376 2056 477 2093 Text
494 2055 760 2094 SCEHGDL
814 2055 1041 2104 Asfollows
1058 2056 1100 2093 in
1120 2056 1220 2094 TH2

292 2121 412 2158 Nunc
441 2120 564 2170 magis
593 2133 686 2159 ecce
715 2121 830 2159 refert
858 2120 969 2159 verbi
996 2121 1201 2158 clamantis
1230 2120 1281 2158 ad
1311 2132 1423 2159 aures

238 2187 336 2233 Vox,
368 2193 406 2224 et
436 2186 475 2223 in
505 2186 581 2223 hoc
611 2186 706 2224 dicit
735 2193 914 2236 tempore
942 2187 1052 2236 plura
1082 2192 1255 2235 grauant.

239 2251 400 2290 Crimen
430 2258 479 2298 et,
510 2257 550 2289 vt
579 2251 736 2299 clamat,
766 2252 838 2290 fert
867 2252 993 2289 maius
1023 2252 1129 2289 curia
1158 2252 1292 2298 maior,

238 2317 328 2364 Que
358 2317 457 2354 foret
486 2317 704 2363 instructor,
737 2316 889 2366 legibus
918 2323 1023 2355 extat
1052 2329 1184 2366 egens.

236 2380 301 2417 Ad
330 2392 542 2420 commune
570 2381 722 2419 bonum
753 2395 833 2420 non
863 2388 922 2420 est
954 2381 1130 2432 (modo)
1162 2382 1294 2430 lingua
1323 2381 1465 2427 locuta,

237 2446 368 2483 Immo
397 2446 494 2495 petit
522 2447 668 2496 proprii
697 2448 910 2485 commoda
939 2448 1107 2497 quisque
1136 2447 1245 2485 lucri.
1504 2461 1567 2492 550

236 2511 392 2559 Agmen
421 2511 653 2549 adulantum
683 2513 814 2550 media
844 2513 1022 2562 procedit
1052 2513 1092 2549 in
1121 2512 1221 2559 aula,

236 2575 438 2624 Quodque
467 2575 575 2614 iubet
604 2577 697 2624 fieri,
728 2578 835 2615 curia
863 2578 968 2616 cedit
997 2577 1079 2615 eis:

236 2641 302 2679 Set
331 2641 398 2689 qui
428 2652 517 2678 vera
544 2642 653 2690 loqui
681 2649 923 2691 presumunt,
955 2642 1061 2679 curia
1090 2642 1185 2679 tales

236 2706 361 2752 Pellit,
393 2712 431 2744 et
459 2706 511 2744 ad
539 2707 638 2756 regis
669 2720 749 2745 non
779 2708 871 2746 sinit
900 2720 986 2746 esse
1015 2708 1126 2745 latus.

1572 2446 1590 2466 >k

214 2815 278 2853 536
293 2814 434 2845 vlterius
452 2814 514 2845 SH
534 2814 571 2856 (v
586 2816 698 2856 nearly
712 2816 825 2847 erased
837 2817 870 2847 in
889 2816 928 2857 S)

213 2870 296 2909 545*
321 2869 427 2910 magis
444 2880 509 2900 om.
526 2870 555 2901 T
700 2870 783 2911 549*
800 2872 900 2902 modo
922 2882 989 2902 om.
1007 2871 1086 2901 TH2
1218 2869 1300 2911 552*
1325 2869 1440 2901 iubent
1458 2868 1506 2901 Ha
