2095 3173
0 1747 23 1772 MS

0 1813 23 1838 nu
62 1823 63 1829 κ

0 1877 27 1904 are
63 1874 65 1911 Γ

11 1932 27 1969 in
65 1981 66 1986 Ἰ

2 2009 29 2035 am

3 2074 29 2101 am

2 2127 30 2171 uli,

1 2194 34 2231 cla-

0 2335 34 2364 lem

0 2405 10 2438 ς,
18 2394 35 2425 vl

0 2660 40 2692 ,ame

0 2729 41 2758 itur:

0 2831 42 2862 'onem

137 453 265 502 Capm.

136 647 166 684 C
170 654 263 697 apm.

529 216 840 258 CAPITULA
879 216 1051 256 LIBRI
1095 217 1347 258 SEPTIMI
1689 235 1737 273 17

351 323 446 361 dicit
475 323 582 362 enim
611 323 721 373 quod
749 335 795 361 ea
824 335 902 372 que
931 335 1057 372 nuper
1085 325 1333 363 condicionis
1364 325 1537 363 humane
1566 326 1738 365 virtuosa

352 389 520 436 fuerant,
540 389 580 426 in
601 401 717 426 suum
738 388 860 426 modo
881 389 1121 426 contrarium
1143 390 1294 440 singula
1315 390 1574 429 diuertuntur.

284 465 316 490 v.
350 453 456 501 Quia
482 453 753 503 vnusquisque
779 453 831 491 ad
857 465 1019 502 presens
1046 454 1096 492 de
1123 455 1262 493 mundi
1290 455 1545 504 conqueritur
1565 456 1737 502 fallaciis,

350 518 520 556 intendit
558 519 622 555 hic
660 519 712 556 de
750 525 852 556 statu
887 525 925 556 et
964 519 1202 558 condicione
1236 521 1386 568 mundi,
1419 533 1577 559 necnon
1617 527 1655 559 et
1690 521 1739 559 de

351 583 508 621 miseria
527 583 775 621 condicionis
797 584 982 631 humane,
1005 590 1171 623 tractare
1190 593 1493 635 consequenter.

287 648 334 685 vi.
368 648 450 685 Hic
471 648 644 698 loquitur
663 648 714 686 de
744 648 938 697 principio
959 649 1174 687 creacionis
1195 651 1391 689 humane:
1423 651 1594 689 declarat
1614 650 1738 688 eciam

354 713 520 762 qualiter
548 713 724 751 mundus
754 713 805 751 ad
834 726 949 751 vsum
979 714 1163 762 hominis,
1196 722 1235 754 et
1264 716 1386 754 homo
1415 716 1466 754 ad
1496 716 1646 753 cultum
1676 715 1740 754 dei

353 784 505 816 creatus
521 778 646 816 extitit
661 792 671 826 3
692 778 745 815 ita
761 778 881 827 quod,
905 779 935 816 si
956 779 1078 817 homo
1094 780 1215 818 deum
1232 793 1346 818 suum
1368 780 1503 819 debite
1522 793 1603 818 non
1625 780 1739 827 colat,

353 843 528 881 mundus
558 855 636 893 que
666 855 736 881 sua
765 850 856 881 sunt
884 843 1037 882 homini
1067 843 1202 883 debita
1231 845 1359 883 officia
1388 845 1548 883 vlterius
1577 845 1742 883 reddere

354 921 435 946 non
455 915 645 947 teneatur.

137 974 266 1023 Capm.
289 974 351 1013 vii.
386 974 467 1011 Hic
506 974 680 1023 loquitur
717 973 837 1023 quod,
875 986 1004 1024 exquo
1039 982 1190 1014 creator
1223 976 1402 1014 omnium
1437 977 1536 1014 deus
1570 975 1741 1025 singulas

138 1299 255 1348 Capm

137 1495 256 1545 Capm

137 1889 266 1937 Capm.

139 2019 268 2067 Capm.

138 2084 256 2133 Capm

139 2215 255 2264 Capm

139 2346 257 2395 Capm

140 2477 258 2526 Capm

141 2605 270 2654 Capm.

352 1039 468 1076 huius
489 1039 628 1077 mundi
650 1039 810 1077 delicias
838 1039 923 1077 vsui
946 1038 1123 1078 subdidit
1144 1040 1332 1088 humano,
1355 1041 1519 1090 dignum
1541 1046 1599 1078 est
1619 1039 1739 1088 quod,

353 1104 453 1142 sicut
483 1104 605 1142 homo
635 1104 786 1142 deliciis
821 1104 1042 1142 secundum
1073 1117 1216 1154 corpus
1251 1106 1399 1152 fruitur,
1434 1106 1486 1143 ita
1520 1104 1741 1143 secundum

353 1169 531 1218 spiritum
555 1169 632 1207 deo
660 1169 825 1207 creatori
852 1182 925 1207 suo
953 1176 1107 1218 gratum
1137 1169 1375 1219 obsequium
1406 1182 1497 1208 cum
1524 1170 1741 1220 graciarum

352 1235 516 1272 accione
536 1241 620 1272 toto
641 1234 762 1273 corde
783 1234 985 1284 rependat.

290 1299 367 1337 viii.
400 1299 482 1336 Hic
507 1305 647 1337 tractat
675 1299 842 1348 qualiter
868 1299 991 1337 homo
1018 1299 1161 1338 dicitur
1187 1300 1316 1338 minor
1335 1300 1509 1338 mundus
1524 1314 1534 1348 3
1563 1299 1616 1337 ita
1635 1299 1745 1348 quod

352 1365 572 1402 secundum
600 1365 678 1402 hoc
705 1365 815 1414 quod
835 1365 958 1403 homo
978 1363 1082 1403 bene
1103 1365 1164 1403 vel
1184 1366 1287 1404 male
1306 1365 1399 1415 agit,
1419 1364 1593 1403 mundus
1614 1364 1744 1403 bonus

352 1430 413 1468 vel
435 1430 561 1468 malus
582 1442 652 1479 per
671 1442 922 1479 consequens
943 1430 1082 1468 existit.

287 1495 333 1533 ix.
367 1495 449 1533 Hic
465 1496 639 1545 loquitur
655 1495 822 1545 qualiter
840 1496 975 1544 homo,
993 1496 1061 1546 qui
1082 1496 1211 1534 minor
1227 1496 1400 1534 mundus
1421 1496 1574 1543 dicitur,
1592 1508 1615 1534 a
1635 1507 1746 1532 mun-

353 1561 406 1599 do
427 1561 646 1599 secundum
667 1573 809 1611 corpus
830 1561 870 1598 in
891 1568 1060 1600 mortem
1080 1561 1281 1609 transibit3
1301 1568 1340 1600 et
1356 1562 1456 1599 sicut
1473 1562 1556 1611 ipse
1570 1561 1744 1610 corporis

354 1626 413 1664 sui
436 1632 600 1675 peccato
622 1626 738 1664 huius
759 1626 899 1664 mundi
920 1626 1202 1675 corrupcionis,
1225 1627 1321 1664 dum
1343 1627 1451 1671 Viuit,
1473 1632 1607 1664 causat
1630 1637 1746 1664 euen-

353 1698 449 1739 tum,
473 1692 526 1729 ita
550 1692 591 1728 in
611 1704 776 1741 corpore
797 1698 954 1730 mortuo
975 1698 1114 1741 postea
1134 1691 1354 1741 putredinis
1376 1690 1507 1730 subire
1526 1691 1747 1739 corrupcio-

355 1769 446 1795 nem
467 1763 638 1806 cogetur.
700 1758 752 1795 Et
768 1757 896 1806 primo
923 1757 1029 1796 dicet
1049 1757 1101 1796 de
1127 1757 1271 1795 mortui
1293 1757 1467 1806 corporis
1487 1756 1746 1805 corrupcione

356 1823 576 1860 secundum
598 1822 842 1871 Superbiam.

290 1900 323 1925 x.
358 1887 439 1925 Hic
478 1888 652 1936 loquitur
690 1887 741 1925 de
779 1886 990 1936 corporis
1028 1887 1198 1925 mortui
1233 1887 1492 1936 corrupcione
1523 1886 1743 1924 secundum

356 1953 566 1991 Inuidiam.

292 2018 340 2055 xi.
374 2017 456 2055 Hic
476 2018 650 2067 loquitur
670 2017 721 2055 de
740 2017 916 2066 corporis
936 2017 1081 2055 mortui
1105 2018 1364 2066 corrupcione
1385 2017 1604 2055 secundum
1628 2017 1744 2054 Iram.

290 2083 352 2121 xii.
385 2083 468 2121 Hic
488 2083 662 2132 loquitur
682 2082 733 2121 de
753 2083 927 2132 corporis
947 2082 1091 2120 mortui
1118 2083 1376 2132 corrupcione
1397 2082 1617 2120 secundum
1638 2083 1745 2119 Aua-

355 2148 500 2185 riciam.

291 2213 368 2251 xiii.
401 2214 483 2251 Hic
503 2213 677 2262 loquitur
693 2212 743 2251 de
763 2213 938 2262 corporis
955 2212 1100 2251 mortui
1121 2212 1381 2262 corrupcione
1397 2211 1618 2250 secundum
1634 2210 1748 2248 Acci-

355 2279 472 2317 diam.

291 2345 381 2383 xiiii.
416 2344 497 2382 Hic
534 2344 707 2393 loquitur
745 2343 796 2382 de
834 2344 1007 2393 corporis
1045 2343 1190 2382 mortui
1228 2342 1487 2392 corrupcione
1525 2340 1746 2380 secundum

355 2410 511 2448 Gulam.

292 2489 350 2514 xv.
384 2475 466 2512 Hic
486 2474 659 2523 loquitur
688 2473 739 2513 de
767 2474 942 2523 corporis
972 2474 1116 2512 mortui
1143 2473 1401 2522 corrupcione
1424 2471 1645 2510 secundum
1668 2471 1746 2508 Lu-

357 2539 520 2576 xuriam.

293 2604 367 2642 xvi.
399 2604 543 2652 Exquo
581 2603 763 2641 tractauit
798 2604 964 2653 qualiter
998 2603 1111 2641 variis
1150 2602 1300 2651 peccati
1343 2600 1493 2639 deliciis
1526 2600 1746 2637 humanum

358 2680 500 2717 corpus
556 2668 596 2704 in
644 2668 721 2705 hoc
776 2668 928 2706 mundo
977 2667 1186 2717 putredine
1234 2665 1490 2712 consumitur,
1537 2664 1747 2712 interrogat

356 2733 514 2771 vlterius
553 2732 604 2770 de
641 2732 806 2770 homine
845 2739 1064 2782 peccatore,
1101 2730 1307 2780 quomodo
1346 2729 1486 2768 mundi
1525 2729 1746 2777 voluptates

184 2830 227 2861 vi.
244 2839 264 2869 3
289 2839 387 2860 suum
404 2828 529 2860 CEGD
576 2838 650 2859 sum
668 2828 692 2859 S
826 2829 883 2860 vii.
902 2840 921 2867 4
947 2827 1097 2869 gratum]
1115 2837 1308 2866 congruum
1327 2826 1357 2856 D
1499 2825 1567 2857 xvi.
1586 2834 1606 2865 3
1630 2824 1747 2855 mundi

141 2894 206 2916 om.
227 2883 255 2915 C

197 2936 292 2958 *ΜΚ*
933 2948 957 2976 C
