<?xml version="1.0" encoding="UTF-8"?>
<!DOCTYPE html PUBLIC "-//W3C//DTD XHTML 1.0 Transitional//EN"
    "http://www.w3.org/TR/xhtml1/DTD/xhtml1-transitional.dtd">
<html xmlns="http://www.w3.org/1999/xhtml" xml:lang="en" lang="en">
 <head>
  <title>
</title>
<meta http-equiv="Content-Type" content="text/html;charset=utf-8" />
  <meta name='ocr-system' content='tesseract 3.04.00' />
  <meta name='ocr-capabilities' content='ocr_page ocr_carea ocr_par ocr_line ocrx_word'/>
</head>
<body>
  <div class='ocr_page' id='page_1' title='image "./completeworksofj04gowe_0220.png"; bbox 0 0 2095 3173; ppageno 0'>
   <div class='ocr_carea' id='block_1_1' title="bbox 371 233 1373 274">
    <p class='ocr_par' dir='ltr' id='par_1_1' title="bbox 371 233 1373 274">
     <span class='ocr_line' id='line_1_1' title="bbox 371 233 1373 274; baseline 0.003 -3"><span class='ocrx_word' id='word_1_1' title='bbox 371 235 448 271; x_wconf 89' lang='lat'><strong>126</strong></span> <span class='ocrx_word' id='word_1_2' title='bbox 841 233 973 274; x_wconf 92' lang='lat' dir='ltr'><strong>VOX</strong></span> <span class='ocrx_word' id='word_1_3' title='bbox 1014 233 1373 274; x_wconf 89' lang='lat' dir='ltr'><strong>CLAMANTIS</strong></span> 
     </span>
    </p>
   </div>
   <div class='ocr_carea' id='block_1_2' title="bbox 472 339 1842 2934">
    <p class='ocr_par' dir='ltr' id='par_1_2' title="bbox 472 339 1842 2934">
     <span class='ocr_line' id='line_1_2' title="bbox 479 339 1446 388; baseline -0.001 -10"><span class='ocrx_word' id='word_1_4' title='bbox 479 340 642 387; x_wconf 82' lang='lat' dir='ltr'><strong>Noscat‚</strong></span> <span class='ocrx_word' id='word_1_5' title='bbox 674 346 712 378; x_wconf 91' lang='lat' dir='ltr'><strong>et</strong></span> <span class='ocrx_word' id='word_1_6' title='bbox 742 340 930 378; x_wconf 89' lang='lat' dir='ltr'><strong>emendet</strong></span> <span class='ocrx_word' id='word_1_7' title='bbox 960 351 1038 388; x_wconf 91' lang='lat' dir='ltr'><strong>que</strong></span> <span class='ocrx_word' id='word_1_8' title='bbox 1068 351 1137 376; x_wconf 88' lang='lat' dir='ltr'><strong>sua</strong></span> <span class='ocrx_word' id='word_1_9' title='bbox 1166 339 1282 388; x_wconf 85' lang='lat' dir='ltr'><strong>culpa</strong></span> <span class='ocrx_word' id='word_1_10' title='bbox 1311 346 1446 388; x_wconf 87' lang='lat' dir='ltr'><strong>parat:</strong></span> 
     </span>
     <span class='ocr_line' id='line_1_3' title="bbox 479 404 1351 453; baseline -0.002 -10"><span class='ocrx_word' id='word_1_11' title='bbox 479 406 558 453; x_wconf 84' lang='lat' dir='ltr'><strong>Qui</strong></span> <span class='ocrx_word' id='word_1_12' title='bbox 589 406 720 443; x_wconf 85' lang='lat' dir='ltr'><strong>claues</strong></span> <span class='ocrx_word' id='word_1_13' title='bbox 752 405 854 443; x_wconf 83' lang='lat' dir='ltr'><strong>Petri</strong></span> <span class='ocrx_word' id='word_1_14' title='bbox 884 410 1051 453; x_wconf 79' lang='lat' dir='ltr'>gestaret</span> <span class='ocrx_word' id='word_1_15' title='bbox 1080 410 1121 441; x_wconf 91' lang='lat' dir='ltr'><strong>vt</strong></span> <span class='ocrx_word' id='word_1_16' title='bbox 1150 404 1249 441; x_wconf 87' lang='lat' dir='ltr'><strong>ostia</strong></span> <span class='ocrx_word' id='word_1_17' title='bbox 1278 405 1351 442; x_wconf 88' lang='lat' dir='ltr'><strong>celi</strong></span> 
     </span>
     <span class='ocr_line' id='line_1_4' title="bbox 477 468 1421 518; baseline -0.003 -9"><span class='ocrx_word' id='word_1_18' title='bbox 477 471 685 517; x_wconf 86' lang='lat' dir='ltr'><strong>Panderet‚</strong></span> <span class='ocrx_word' id='word_1_19' title='bbox 718 470 782 507; x_wconf 84' lang='lat' dir='ltr'><strong>illa</strong></span> <span class='ocrx_word' id='word_1_20' title='bbox 810 469 900 507; x_wconf 90' lang='lat' dir='ltr'><strong>viris</strong></span> <span class='ocrx_word' id='word_1_21' title='bbox 930 469 1077 507; x_wconf 82' lang='lat' dir='ltr'><strong>claudit</strong></span> <span class='ocrx_word' id='word_1_22' title='bbox 1108 469 1147 506; x_wconf 91' lang='lat' dir='ltr'><strong>in</strong></span> <span class='ocrx_word' id='word_1_23' title='bbox 1178 468 1274 507; x_wconf 92' lang='lat' dir='ltr'><strong>orbe</strong></span> <span class='ocrx_word' id='word_1_24' title='bbox 1304 469 1421 518; x_wconf 89' lang='lat' dir='ltr'><strong>prius.</strong></span> 
     </span>
     <span class='ocr_line' id='line_1_5' title="bbox 477 533 1659 584; baseline 0 -11"><span class='ocrx_word' id='word_1_25' title='bbox 477 536 582 574; x_wconf 90' lang='lat' dir='ltr'><strong>Cum</strong></span> <span class='ocrx_word' id='word_1_26' title='bbox 612 535 735 584; x_wconf 81' lang='lat' dir='ltr'><strong>magis</strong></span> <span class='ocrx_word' id='word_1_27' title='bbox 764 534 841 572; x_wconf 87' lang='lat' dir='ltr'><strong>hoc</strong></span> <span class='ocrx_word' id='word_1_28' title='bbox 872 546 1007 583; x_wconf 91' lang='lat' dir='ltr'><strong>penso,</strong></span> <span class='ocrx_word' id='word_1_29' title='bbox 1040 534 1163 583; x_wconf 85' lang='lat' dir='ltr'><strong>magis</strong></span> <span class='ocrx_word' id='word_1_30' title='bbox 1193 533 1491 583; x_wconf 85' lang='lat' dir='ltr'><strong>obstupefactus</strong></span> <span class='ocrx_word' id='word_1_31' title='bbox 1521 534 1561 571; x_wconf 90' lang='lat' dir='ltr'><strong>in</strong></span> <span class='ocrx_word' id='word_1_32' title='bbox 1592 535 1659 573; x_wconf 91' lang='lat' dir='ltr'><strong>illo</strong></span> 
     </span>
     <span class='ocr_line' id='line_1_6' title="bbox 477 599 1555 650; baseline -0.001 -11"><span class='ocrx_word' id='word_1_33' title='bbox 477 602 584 646; x_wconf 86' lang='lat' dir='ltr'><strong>Sum,</strong></span> <span class='ocrx_word' id='word_1_34' title='bbox 616 613 707 638; x_wconf 87' lang='lat' dir='ltr'><strong>nam</strong></span> <span class='ocrx_word' id='word_1_35' title='bbox 738 600 804 637; x_wconf 87' lang='lat' dir='ltr'><strong>lux</strong></span> <span class='ocrx_word' id='word_1_36' title='bbox 834 599 1024 649; x_wconf 90' lang='lat' dir='ltr'><strong>quicquid</strong></span> <span class='ocrx_word' id='word_1_37' title='bbox 1053 599 1229 649; x_wconf 82' lang='lat' dir='ltr'><strong>predicat</strong></span> <span class='ocrx_word' id='word_1_38' title='bbox 1259 599 1395 638; x_wconf 87' lang='lat' dir='ltr'><strong>vmbra</strong></span> <span class='ocrx_word' id='word_1_39' title='bbox 1424 600 1555 650; x_wconf 80' lang='lat' dir='ltr'><strong>fugat:</strong></span> 
     </span>
     <span class='ocr_line' id='line_1_7' title="bbox 475 665 1232 715; baseline 0.001 -13"><span class='ocrx_word' id='word_1_40' title='bbox 475 667 603 704; x_wconf 85' lang='lat' dir='ltr'>Vnius</span> <span class='ocrx_word' id='word_1_41' title='bbox 632 672 768 715; x_wconf 85' lang='lat' dir='ltr'><strong>gustus</strong></span> <span class='ocrx_word' id='word_1_42' title='bbox 798 665 932 703; x_wconf 89' lang='lat' dir='ltr'><strong>infecit</strong></span> <span class='ocrx_word' id='word_1_43' title='bbox 961 665 1068 703; x_wconf 84' lang='lat' dir='ltr'><strong>milia</strong></span> <span class='ocrx_word' id='word_1_44' title='bbox 1098 666 1232 712; x_wconf 80' lang='lat' dir='ltr'><strong>multa,</strong></span> 
     </span>
     <span class='ocr_line' id='line_1_8' title="bbox 477 731 1842 780; baseline 0 -11"><span class='ocrx_word' id='word_1_45' title='bbox 477 731 831 770; x_wconf 83' lang='lat' dir='ltr'><strong>Commaculantur</strong></span> <span class='ocrx_word' id='word_1_46' title='bbox 859 743 907 769; x_wconf 93' lang='lat' dir='ltr'><strong>eo</strong></span> <span class='ocrx_word' id='word_1_47' title='bbox 936 736 1080 768; x_wconf 88' lang='lat' dir='ltr'><strong>cuncta</strong></span> <span class='ocrx_word' id='word_1_48' title='bbox 1109 743 1248 780; x_wconf 88' lang='lat' dir='ltr'><strong>sapore</strong></span> <span class='ocrx_word' id='word_1_49' title='bbox 1277 731 1394 769; x_wconf 85' lang='lat' dir='ltr'><strong>malo.</strong></span> <span class='ocrx_word' id='word_1_50' title='bbox 1778 744 1842 779; x_wconf 84' lang='lat'><strong>700</strong></span> 
     </span>
     <span class='ocr_line' id='line_1_9' title="bbox 474 795 1497 845; baseline 0 -11"><span class='ocrx_word' id='word_1_51' title='bbox 474 795 655 835; x_wconf 86' lang='lat' dir='ltr'><strong>Sublimo</strong></span> <span class='ocrx_word' id='word_1_52' title='bbox 684 796 860 834; x_wconf 81' lang='lat' dir='ltr'><strong>residens</strong></span> <span class='ocrx_word' id='word_1_53' title='bbox 890 796 970 834; x_wconf 90' lang='lat' dir='ltr'><strong>dux</strong></span> <span class='ocrx_word' id='word_1_54' title='bbox 998 796 1123 844; x_wconf 88' lang='lat' dir='ltr'><strong>prima</strong></span> <span class='ocrx_word' id='word_1_55' title='bbox 1153 795 1337 845; x_wconf 86' lang='lat' dir='ltr'><strong>superbia</strong></span> <span class='ocrx_word' id='word_1_56' title='bbox 1366 809 1497 843; x_wconf 90' lang='lat' dir='ltr'><strong>curru,</strong></span> 
     </span>
     <span class='ocr_line' id='line_1_10' title="bbox 476 861 1450 909; baseline 0 -9"><span class='ocrx_word' id='word_1_57' title='bbox 476 863 606 900; x_wconf 84' lang='lat' dir='ltr'><strong>Multa</strong></span> <span class='ocrx_word' id='word_1_58' title='bbox 634 862 790 899; x_wconf 81' lang='lat' dir='ltr'><strong>minans</strong></span> <span class='ocrx_word' id='word_1_59' title='bbox 820 861 940 908; x_wconf 90' lang='lat' dir='ltr'><strong>vultu,</strong></span> <span class='ocrx_word' id='word_1_60' title='bbox 972 861 1134 906; x_wconf 88' lang='lat' dir='ltr'><strong>lumine,</strong></span> <span class='ocrx_word' id='word_1_61' title='bbox 1164 873 1272 909; x_wconf 91' lang='lat' dir='ltr'><strong>voce,</strong></span> <span class='ocrx_word' id='word_1_62' title='bbox 1304 874 1450 900; x_wconf 88' lang='lat' dir='ltr'><strong>manu:</strong></span> 
     </span>
     <span class='ocr_line' id='line_1_11' title="bbox 476 925 1447 977; baseline -0.001 -11"><span class='ocrx_word' id='word_1_63' title='bbox 476 927 739 977; x_wconf 82' lang='lat' dir='ltr'><strong>Subsequitur</strong></span> <span class='ocrx_word' id='word_1_64' title='bbox 767 927 878 973; x_wconf 89' lang='lat' dir='ltr'><strong>liuor,</strong></span> <span class='ocrx_word' id='word_1_65' title='bbox 910 925 1024 964; x_wconf 90' lang='lat' dir='ltr'><strong>turba</strong></span> <span class='ocrx_word' id='word_1_66' title='bbox 1053 927 1263 965; x_wconf 81' lang='lat' dir='ltr'><strong>comitatus</strong></span> <span class='ocrx_word' id='word_1_67' title='bbox 1292 926 1447 974; x_wconf 89' lang='lat' dir='ltr'><strong>acerba,</strong></span> 
     </span>
     <span class='ocr_line' id='line_1_12' title="bbox 476 992 1307 1042; baseline 0 -12"><span class='ocrx_word' id='word_1_68' title='bbox 476 993 627 1032; x_wconf 81' lang='lat' dir='ltr'>Pallida</span> <span class='ocrx_word' id='word_1_69' title='bbox 656 1005 727 1040; x_wconf 89' lang='lat' dir='ltr'><strong>res,</strong></span> <span class='ocrx_word' id='word_1_70' title='bbox 758 999 841 1030; x_wconf 87' lang='lat' dir='ltr'><strong>atra</strong></span> <span class='ocrx_word' id='word_1_71' title='bbox 870 992 1001 1042; x_wconf 88' lang='lat' dir='ltr'><strong>pestis,</strong></span> <span class='ocrx_word' id='word_1_72' title='bbox 1033 1005 1165 1030; x_wconf 86' lang='lat' dir='ltr'><strong>amara</strong></span> <span class='ocrx_word' id='word_1_73' title='bbox 1194 993 1307 1039; x_wconf 87' lang='lat' dir='ltr'><strong>lues;</strong></span> 
     </span>
     <span class='ocr_line' id='line_1_13' title="bbox 476 1058 1526 1107; baseline -0.002 -10"><span class='ocrx_word' id='word_1_74' title='bbox 476 1059 568 1107; x_wconf 84' lang='lat' dir='ltr'><strong>Que</strong></span> <span class='ocrx_word' id='word_1_75' title='bbox 597 1059 696 1097; x_wconf 87' lang='lat' dir='ltr'><strong>solet</strong></span> <span class='ocrx_word' id='word_1_76' title='bbox 726 1065 764 1096; x_wconf 91' lang='lat' dir='ltr'><strong>et</strong></span> <span class='ocrx_word' id='word_1_77' title='bbox 793 1058 918 1107; x_wconf 87' lang='lat' dir='ltr'><strong>pietas</strong></span> <span class='ocrx_word' id='word_1_78' title='bbox 948 1064 1111 1107; x_wconf 84' lang='lat' dir='ltr'><strong>peccata</strong></span> <span class='ocrx_word' id='word_1_79' title='bbox 1140 1058 1337 1097; x_wconf 83' lang='lat' dir='ltr'><strong>remittere</strong></span> <span class='ocrx_word' id='word_1_80' title='bbox 1367 1058 1526 1105; x_wconf 86' lang='lat' dir='ltr'><strong>vindex,</strong></span> 
     </span>
     <span class='ocr_line' id='line_1_14' title="bbox 476 1124 1291 1173; baseline 0 -11"><span class='ocrx_word' id='word_1_81' title='bbox 476 1125 594 1163; x_wconf 81' lang='lat' dir='ltr'><strong>Extat</strong></span> <span class='ocrx_word' id='word_1_82' title='bbox 623 1124 793 1162; x_wconf 87' lang='lat' dir='ltr'><strong>auaricia</strong></span> <span class='ocrx_word' id='word_1_83' title='bbox 822 1124 928 1161; x_wconf 89' lang='lat' dir='ltr'><strong>lucra</strong></span> <span class='ocrx_word' id='word_1_84' title='bbox 958 1124 1109 1162; x_wconf 85' lang='lat' dir='ltr'><strong>caduca</strong></span> <span class='ocrx_word' id='word_1_85' title='bbox 1138 1130 1291 1173; x_wconf 90' lang='lat' dir='ltr'><strong>petens.</strong></span> 
     </span>
     <span class='ocr_line' id='line_1_15' title="bbox 530 1189 1763 1240; baseline 0 -12"><span class='ocrx_word' id='word_1_86' title='bbox 530 1191 663 1239; x_wconf 79' lang='lat' dir='ltr'><strong>Quam</strong></span> <span class='ocrx_word' id='word_1_87' title='bbox 692 1190 820 1240; x_wconf 83' lang='lat' dir='ltr'><strong>grauis</strong></span> <span class='ocrx_word' id='word_1_88' title='bbox 851 1196 909 1228; x_wconf 86' lang='lat' dir='ltr'><strong>est</strong></span> <span class='ocrx_word' id='word_1_89' title='bbox 938 1190 1070 1239; x_wconf 87' lang='lat' dir='ltr'><strong>pestis,</strong></span> <span class='ocrx_word' id='word_1_90' title='bbox 1102 1202 1222 1239; x_wconf 86' lang='lat' dir='ltr'><strong>quam</strong></span> <span class='ocrx_word' id='word_1_91' title='bbox 1251 1190 1360 1228; x_wconf 87' lang='lat' dir='ltr'><strong>triste</strong></span> <span class='ocrx_word' id='word_1_92' title='bbox 1388 1189 1572 1239; x_wconf 87' lang='lat' dir='ltr'><strong>superbia</strong></span> <span class='ocrx_word' id='word_1_93' title='bbox 1602 1202 1763 1236; x_wconf 83' lang='lat' dir='ltr'><strong>nomen,</strong></span> 
     </span>
     <span class='ocr_line' id='line_1_16' title="bbox 476 1255 1276 1305; baseline -0.001 -11"><span class='ocrx_word' id='word_1_94' title='bbox 476 1256 607 1295; x_wconf 84' lang='lat' dir='ltr'>Radix</span> <span class='ocrx_word' id='word_1_95' title='bbox 635 1256 798 1305; x_wconf 81' lang='lat' dir='ltr'><strong>peccati,</strong></span> <span class='ocrx_word' id='word_1_96' title='bbox 831 1256 919 1293; x_wconf 84' lang='lat' dir='ltr'><strong>fons</strong></span> <span class='ocrx_word' id='word_1_97' title='bbox 949 1261 987 1293; x_wconf 92' lang='lat' dir='ltr'><strong>et</strong></span> <span class='ocrx_word' id='word_1_98' title='bbox 1017 1255 1127 1304; x_wconf 84' lang='lat' dir='ltr'><strong>origo</strong></span> <span class='ocrx_word' id='word_1_99' title='bbox 1156 1255 1276 1293; x_wconf 75' lang='lat' dir='ltr'><strong>mali!</strong></span> 
     </span>
     <span class='ocr_line' id='line_1_17' title="bbox 475 1319 1483 1367; baseline -0.001 -9"><span class='ocrx_word' id='word_1_100' title='bbox 475 1321 582 1358; x_wconf 87' lang='lat' dir='ltr'><strong>Fons</strong></span> <span class='ocrx_word' id='word_1_101' title='bbox 612 1321 683 1358; x_wconf 90' lang='lat' dir='ltr'><strong>fuit</strong></span> <span class='ocrx_word' id='word_1_102' title='bbox 712 1320 787 1358; x_wconf 92' lang='lat' dir='ltr'><strong>hec</strong></span> <span class='ocrx_word' id='word_1_103' title='bbox 816 1320 984 1367; x_wconf 86' lang='lat' dir='ltr'><strong>sceleris,</strong></span> <span class='ocrx_word' id='word_1_104' title='bbox 1016 1320 1143 1357; x_wconf 91' lang='lat' dir='ltr'><strong>tocius</strong></span> <span class='ocrx_word' id='word_1_105' title='bbox 1173 1332 1292 1357; x_wconf 82' lang='lat' dir='ltr'><strong>causa</strong></span> <span class='ocrx_word' id='word_1_106' title='bbox 1322 1319 1483 1366; x_wconf 84' lang='lat' dir='ltr'><strong>doloris,</strong></span> 
     </span>
     <span class='ocr_line' id='line_1_18' title="bbox 475 1385 1840 1435; baseline 0 -13"><span class='ocrx_word' id='word_1_107' title='bbox 475 1386 676 1424; x_wconf 84' lang='lat' dir='ltr'><strong>Virtutum</strong></span> <span class='ocrx_word' id='word_1_108' title='bbox 706 1385 880 1432; x_wconf 85' lang='lat' dir='ltr'><strong>morbus,</strong></span> <span class='ocrx_word' id='word_1_109' title='bbox 912 1385 1033 1423; x_wconf 88' lang='lat' dir='ltr'><strong>saltus</strong></span> <span class='ocrx_word' id='word_1_110' title='bbox 1062 1385 1114 1423; x_wconf 87' lang='lat' dir='ltr'><strong>ad</strong></span> <span class='ocrx_word' id='word_1_111' title='bbox 1143 1397 1233 1435; x_wconf 89' lang='lat' dir='ltr'><strong>yma</strong></span> <span class='ocrx_word' id='word_1_112' title='bbox 1262 1385 1423 1432; x_wconf 87' lang='lat' dir='ltr'><strong>cadens,</strong></span> <span class='ocrx_word' id='word_1_113' title='bbox 1776 1398 1840 1433; x_wconf 87' lang='lat'><strong>710</strong></span> 
     </span>
     <span class='ocr_line' id='line_1_19' title="bbox 476 1450 1469 1500; baseline -0.001 -11"><span class='ocrx_word' id='word_1_114' title='bbox 476 1452 638 1500; x_wconf 88' lang='lat' dir='ltr'><strong>Hospes</strong></span> <span class='ocrx_word' id='word_1_115' title='bbox 667 1450 847 1497; x_wconf 88' lang='lat' dir='ltr'><strong>auaricie‚</strong></span> <span class='ocrx_word' id='word_1_116' title='bbox 879 1456 1088 1499; x_wconf 80' lang='lat' dir='ltr'><strong>paupertas</strong></span> <span class='ocrx_word' id='word_1_117' title='bbox 1118 1450 1291 1500; x_wconf 87' lang='lat' dir='ltr'><strong>prodiga,</strong></span> <span class='ocrx_word' id='word_1_118' title='bbox 1323 1450 1469 1489; x_wconf 86' lang='lat' dir='ltr'><strong>fraudis</strong></span> 
     </span>
     <span class='ocr_line' id='line_1_20' title="bbox 478 1516 1375 1566; baseline 0 -13"><span class='ocrx_word' id='word_1_119' title='bbox 478 1516 734 1566; x_wconf 87' lang='lat' dir='ltr'><strong>Principium,</strong></span> <span class='ocrx_word' id='word_1_120' title='bbox 766 1516 882 1553; x_wconf 80' lang='lat' dir='ltr'><strong>fallax</strong></span> <span class='ocrx_word' id='word_1_121' title='bbox 911 1528 1061 1563; x_wconf 89' lang='lat' dir='ltr'><strong>sensus,</strong></span> <span class='ocrx_word' id='word_1_122' title='bbox 1094 1516 1225 1565; x_wconf 90' lang='lat' dir='ltr'><strong>iniqus</strong></span> <span class='ocrx_word' id='word_1_123' title='bbox 1254 1528 1375 1562; x_wconf 86' lang='lat' dir='ltr'><strong>amor,</strong></span> 
     </span>
     <span class='ocr_line' id='line_1_21' title="bbox 477 1582 1488 1631; baseline -0.001 -11"><span class='ocrx_word' id='word_1_124' title='bbox 477 1582 672 1631; x_wconf 85' lang='lat' dir='ltr'><strong>Irrequies</strong></span> <span class='ocrx_word' id='word_1_125' title='bbox 701 1582 856 1628; x_wconf 86' lang='lat' dir='ltr'><strong>mentis,</strong></span> <span class='ocrx_word' id='word_1_126' title='bbox 889 1582 935 1620; x_wconf 89' lang='lat' dir='ltr'><strong>lis</strong></span> <span class='ocrx_word' id='word_1_127' title='bbox 965 1582 1153 1631; x_wconf 84' lang='lat' dir='ltr'><strong>proxima,</strong></span> <span class='ocrx_word' id='word_1_128' title='bbox 1186 1582 1322 1619; x_wconf 90' lang='lat' dir='ltr'><strong>mortis</strong></span> <span class='ocrx_word' id='word_1_129' title='bbox 1351 1582 1488 1628; x_wconf 82' lang='lat' dir='ltr'><strong>amica,</strong></span> 
     </span>
     <span class='ocr_line' id='line_1_22' title="bbox 476 1647 1402 1695; baseline -0.001 -10"><span class='ocrx_word' id='word_1_130' title='bbox 476 1647 632 1686; x_wconf 87' lang='lat' dir='ltr'><strong>Perfida</strong></span> <span class='ocrx_word' id='word_1_131' title='bbox 660 1659 784 1695; x_wconf 87' lang='lat' dir='ltr'><strong>mens,</strong></span> <span class='ocrx_word' id='word_1_132' title='bbox 817 1647 921 1685; x_wconf 89' lang='lat' dir='ltr'><strong>racio</strong></span> <span class='ocrx_word' id='word_1_133' title='bbox 951 1647 1078 1693; x_wconf 84' lang='lat' dir='ltr'><strong>deuia,</strong></span> <span class='ocrx_word' id='word_1_134' title='bbox 1111 1659 1234 1685; x_wconf 85' lang='lat' dir='ltr'><strong>vanus</strong></span> <span class='ocrx_word' id='word_1_135' title='bbox 1264 1647 1402 1684; x_wconf 91' lang='lat' dir='ltr'><strong>honor.</strong></span> 
     </span>
     <span class='ocr_line' id='line_1_23' title="bbox 476 1711 1563 1763; baseline -0.001 -12"><span class='ocrx_word' id='word_1_136' title='bbox 476 1714 568 1751; x_wconf 89' lang='lat' dir='ltr'><strong>Hec</strong></span> <span class='ocrx_word' id='word_1_137' title='bbox 598 1713 709 1763; x_wconf 82' lang='lat' dir='ltr'><strong>quasi</strong></span> <span class='ocrx_word' id='word_1_138' title='bbox 739 1712 790 1750; x_wconf 91' lang='lat' dir='ltr'><strong>de</strong></span> <span class='ocrx_word' id='word_1_139' title='bbox 818 1712 977 1762; x_wconf 90' lang='lat' dir='ltr'><strong>proprio</strong></span> <span class='ocrx_word' id='word_1_140' title='bbox 1007 1719 1098 1749; x_wconf 89' lang='lat' dir='ltr'><strong>sunt</strong></span> <span class='ocrx_word' id='word_1_141' title='bbox 1127 1712 1349 1761; x_wconf 80' lang='lat' dir='ltr'><strong>apropriata</strong></span> <span class='ocrx_word' id='word_1_142' title='bbox 1378 1711 1563 1762; x_wconf 87' lang='lat' dir='ltr'><strong>superbo,</strong></span> 
     </span>
     <span class='ocr_line' id='line_1_24' title="bbox 476 1776 1329 1826; baseline -0.002 -10"><span class='ocrx_word' id='word_1_143' title='bbox 476 1778 606 1816; x_wconf 89' lang='lat' dir='ltr'><strong>Heres</strong></span> <span class='ocrx_word' id='word_1_144' title='bbox 636 1784 674 1816; x_wconf 91' lang='lat' dir='ltr'><strong>et</strong></span> <span class='ocrx_word' id='word_1_145' title='bbox 704 1777 845 1815; x_wconf 83' lang='lat' dir='ltr'><strong>baratri</strong></span> <span class='ocrx_word' id='word_1_146' title='bbox 875 1777 1024 1826; x_wconf 88' lang='lat' dir='ltr'><strong>primus</strong></span> <span class='ocrx_word' id='word_1_147' title='bbox 1054 1776 1221 1815; x_wconf 88' lang='lat' dir='ltr'><strong>habetur</strong></span> <span class='ocrx_word' id='word_1_148' title='bbox 1250 1777 1329 1815; x_wconf 89' lang='lat' dir='ltr'><strong>ibi:</strong></span> 
     </span>
     <span class='ocr_line' id='line_1_25' title="bbox 475 1843 1662 1892; baseline -0.001 -11"><span class='ocrx_word' id='word_1_149' title='bbox 475 1845 570 1881; x_wconf 87' lang='lat' dir='ltr'><strong>Hoc</strong></span> <span class='ocrx_word' id='word_1_150' title='bbox 600 1843 766 1892; x_wconf 85' lang='lat' dir='ltr'><strong>capitale</strong></span> <span class='ocrx_word' id='word_1_151' title='bbox 795 1843 943 1880; x_wconf 85' lang='lat' dir='ltr'><strong>malum</strong></span> <span class='ocrx_word' id='word_1_152' title='bbox 973 1855 1054 1891; x_wconf 92' lang='lat' dir='ltr'><strong>quo</strong></span> <span class='ocrx_word' id='word_1_153' title='bbox 1083 1849 1218 1892; x_wconf 86' lang='lat' dir='ltr'><strong>regnat</strong></span> <span class='ocrx_word' id='word_1_154' title='bbox 1246 1854 1366 1892; x_wconf 86' lang='lat' dir='ltr'><strong>egens</strong></span> <span class='ocrx_word' id='word_1_155' title='bbox 1395 1849 1513 1892; x_wconf 85' lang='lat' dir='ltr'><strong>caput</strong></span> <span class='ocrx_word' id='word_1_156' title='bbox 1543 1854 1662 1880; x_wconf 89' lang='lat' dir='ltr'><strong>omne</strong></span> 
     </span>
     <span class='ocr_line' id='line_1_26' title="bbox 476 1907 1330 1957; baseline -0.002 -10"><span class='ocrx_word' id='word_1_157' title='bbox 476 1908 660 1956; x_wconf 85' lang='lat' dir='ltr'><strong>Conficit‚</strong></span> <span class='ocrx_word' id='word_1_158' title='bbox 692 1914 731 1946; x_wconf 90' lang='lat' dir='ltr'><strong>et</strong></span> <span class='ocrx_word' id='word_1_159' title='bbox 760 1908 887 1946; x_wconf 83' lang='lat' dir='ltr'><strong>caude</strong></span> <span class='ocrx_word' id='word_1_160' title='bbox 916 1920 985 1957; x_wconf 88' lang='lat' dir='ltr'><strong>par</strong></span> <span class='ocrx_word' id='word_1_161' title='bbox 1013 1907 1106 1945; x_wconf 86' lang='lat' dir='ltr'><strong>facit</strong></span> <span class='ocrx_word' id='word_1_162' title='bbox 1135 1919 1222 1946; x_wconf 92' lang='lat' dir='ltr'><strong>esse</strong></span> <span class='ocrx_word' id='word_1_163' title='bbox 1250 1919 1330 1945; x_wconf 87' lang='lat' dir='ltr'><strong>sue.</strong></span> 
     </span>
     <span class='ocr_line' id='line_1_27' title="bbox 476 1973 1499 2023; baseline -0.002 -11"><span class='ocrx_word' id='word_1_164' title='bbox 476 1976 570 2012; x_wconf 87' lang='lat' dir='ltr'><strong>Hoc</strong></span> <span class='ocrx_word' id='word_1_165' title='bbox 599 1981 717 2023; x_wconf 88' lang='lat' dir='ltr'><strong>caput</strong></span> <span class='ocrx_word' id='word_1_166' title='bbox 746 1981 805 2012; x_wconf 92' lang='lat' dir='ltr'><strong>est</strong></span> <span class='ocrx_word' id='word_1_167' title='bbox 833 1986 963 2012; x_wconf 92' lang='lat' dir='ltr'><strong>rerum</strong></span> <span class='ocrx_word' id='word_1_168' title='bbox 992 1973 1101 2011; x_wconf 88' lang='lat' dir='ltr'><strong>viciis</strong></span> <span class='ocrx_word' id='word_1_169' title='bbox 1130 1973 1275 2012; x_wconf 91' lang='lat' dir='ltr'><strong>seruire</strong></span> <span class='ocrx_word' id='word_1_170' title='bbox 1304 1979 1499 2019; x_wconf 88' lang='lat' dir='ltr'><strong>coactum,</strong></span> 
     </span>
     <span class='ocr_line' id='line_1_28' title="bbox 476 2038 1838 2088; baseline -0.002 -11"><span class='ocrx_word' id='word_1_171' title='bbox 476 2039 595 2077; x_wconf 91' lang='lat' dir='ltr'><strong>Liber</strong></span> <span class='ocrx_word' id='word_1_172' title='bbox 624 2039 746 2077; x_wconf 90' lang='lat' dir='ltr'><strong>homo</strong></span> <span class='ocrx_word' id='word_1_173' title='bbox 776 2039 914 2077; x_wconf 83' lang='lat' dir='ltr'><strong>didicit</strong></span> <span class='ocrx_word' id='word_1_174' title='bbox 944 2039 1021 2077; x_wconf 90' lang='lat' dir='ltr'><strong>hoc</strong></span> <span class='ocrx_word' id='word_1_175' title='bbox 1050 2051 1168 2088; x_wconf 88' lang='lat' dir='ltr'><strong>graue</strong></span> <span class='ocrx_word' id='word_1_176' title='bbox 1198 2039 1296 2077; x_wconf 91' lang='lat' dir='ltr'><strong>ferre</strong></span> <span class='ocrx_word' id='word_1_177' title='bbox 1325 2038 1460 2087; x_wconf 83' lang='lat' dir='ltr'><strong>iugum</strong></span> <span class='ocrx_word' id='word_1_178' title='bbox 1475 2052 1485 2086; x_wconf 79' lang='lat'><em>3</em></span> <span class='ocrx_word' id='word_1_179' title='bbox 1774 2050 1838 2085; x_wconf 82' lang='lat'><strong>720</strong></span> 
     </span>
     <span class='ocr_line' id='line_1_29' title="bbox 475 2104 1485 2153; baseline -0.002 -11"><span class='ocrx_word' id='word_1_180' title='bbox 475 2105 569 2142; x_wconf 88' lang='lat' dir='ltr'><strong>Non</strong></span> <span class='ocrx_word' id='word_1_181' title='bbox 600 2104 696 2142; x_wconf 88' lang='lat' dir='ltr'><strong>illud</strong></span> <span class='ocrx_word' id='word_1_182' title='bbox 726 2104 889 2150; x_wconf 88' lang='lat' dir='ltr'><strong>domini,</strong></span> <span class='ocrx_word' id='word_1_183' title='bbox 922 2104 1032 2153; x_wconf 91' lang='lat' dir='ltr'><strong>quod</strong></span> <span class='ocrx_word' id='word_1_184' title='bbox 1062 2104 1205 2142; x_wconf 89' lang='lat' dir='ltr'><strong>dicitur</strong></span> <span class='ocrx_word' id='word_1_185' title='bbox 1233 2115 1320 2141; x_wconf 91' lang='lat' dir='ltr'><strong>esse</strong></span> <span class='ocrx_word' id='word_1_186' title='bbox 1349 2115 1485 2151; x_wconf 82' lang='lat' dir='ltr'><strong>suaue,</strong></span> 
     </span>
     <span class='ocr_line' id='line_1_30' title="bbox 476 2168 1392 2218; baseline -0.001 -11"><span class='ocrx_word' id='word_1_187' title='bbox 476 2169 608 2207; x_wconf 91' lang='lat' dir='ltr'><strong>Immo</strong></span> <span class='ocrx_word' id='word_1_188' title='bbox 637 2169 747 2218; x_wconf 90' lang='lat' dir='ltr'><strong>quod</strong></span> <span class='ocrx_word' id='word_1_189' title='bbox 777 2169 965 2217; x_wconf 91' lang='lat' dir='ltr'><strong>imposuit</strong></span> <span class='ocrx_word' id='word_1_190' title='bbox 995 2169 1152 2206; x_wconf 90' lang='lat' dir='ltr'><strong>invidus</strong></span> <span class='ocrx_word' id='word_1_191' title='bbox 1182 2168 1306 2206; x_wconf 85' lang='lat' dir='ltr'><strong>hostis</strong></span> <span class='ocrx_word' id='word_1_192' title='bbox 1335 2168 1392 2216; x_wconf 70' lang='grc' dir='ltr'><strong>εἰς</strong></span> 
     </span>
     <span class='ocr_line' id='line_1_31' title="bbox 476 2233 1401 2283; baseline -0.002 -11"><span class='ocrx_word' id='word_1_193' title='bbox 476 2235 569 2272; x_wconf 92' lang='lat' dir='ltr'><strong>Non</strong></span> <span class='ocrx_word' id='word_1_194' title='bbox 601 2246 681 2283; x_wconf 92' lang='lat' dir='ltr'><strong>quo</strong></span> <span class='ocrx_word' id='word_1_195' title='bbox 710 2233 868 2271; x_wconf 87' lang='lat' dir='ltr'><strong>libertas</strong></span> <span class='ocrx_word' id='word_1_196' title='bbox 898 2233 1133 2282; x_wconf 86' lang='lat' dir='ltr'><strong>perquiritur</strong></span> <span class='ocrx_word' id='word_1_197' title='bbox 1162 2233 1226 2270; x_wconf 89' lang='lat' dir='ltr'><strong>illa</strong></span> <span class='ocrx_word' id='word_1_198' title='bbox 1255 2233 1401 2280; x_wconf 87' lang='lat' dir='ltr'><strong>salutis,</strong></span> 
     </span>
     <span class='ocr_line' id='line_1_32' title="bbox 476 2297 1292 2348; baseline -0.002 -11"><span class='ocrx_word' id='word_1_199' title='bbox 476 2299 543 2337; x_wconf 88' lang='lat' dir='ltr'><strong>Set</strong></span> <span class='ocrx_word' id='word_1_200' title='bbox 572 2298 682 2348; x_wconf 92' lang='lat' dir='ltr'><strong>quod</strong></span> <span class='ocrx_word' id='word_1_201' title='bbox 712 2298 842 2336; x_wconf 88' lang='lat' dir='ltr'><strong>seruili</strong></span> <span class='ocrx_word' id='word_1_202' title='bbox 872 2298 1111 2336; x_wconf 90' lang='lat' dir='ltr'><strong>condicione</strong></span> <span class='ocrx_word' id='word_1_203' title='bbox 1140 2297 1292 2347; x_wconf 87' lang='lat' dir='ltr'><strong>premit.</strong></span> 
     </span>
     <span class='ocr_line' id='line_1_33' title="bbox 475 2362 1560 2412; baseline 0 -11"><span class='ocrx_word' id='word_1_204' title='bbox 475 2363 640 2402; x_wconf 86' lang='lat' dir='ltr'><strong>Fabrica</strong></span> <span class='ocrx_word' id='word_1_205' title='bbox 667 2363 803 2412; x_wconf 89' lang='lat' dir='ltr'><strong>prima,</strong></span> <span class='ocrx_word' id='word_1_206' title='bbox 836 2362 958 2401; x_wconf 88' lang='lat' dir='ltr'><strong>decus</strong></span> <span class='ocrx_word' id='word_1_207' title='bbox 988 2363 1170 2412; x_wconf 90' lang='lat' dir='ltr'><strong>primum,</strong></span> <span class='ocrx_word' id='word_1_208' title='bbox 1202 2363 1378 2412; x_wconf 85' lang='lat' dir='ltr'><strong>primatis</strong></span> <span class='ocrx_word' id='word_1_209' title='bbox 1407 2363 1560 2401; x_wconf 89' lang='lat' dir='ltr'><strong>honore</strong></span> 
     </span>
     <span class='ocr_line' id='line_1_34' title="bbox 475 2428 1320 2478; baseline -0.001 -11"><span class='ocrx_word' id='word_1_210' title='bbox 475 2429 666 2476; x_wconf 83' lang='lat' dir='ltr'><strong>Preditus,</strong></span> <span class='ocrx_word' id='word_1_211' title='bbox 699 2435 757 2467; x_wconf 89' lang='lat' dir='ltr'><strong>est</strong></span> <span class='ocrx_word' id='word_1_212' title='bbox 786 2429 911 2478; x_wconf 89' lang='lat' dir='ltr'><strong>prime</strong></span> <span class='ocrx_word' id='word_1_213' title='bbox 940 2428 1178 2478; x_wconf 88' lang='lat' dir='ltr'><strong>perdicionis</strong></span> <span class='ocrx_word' id='word_1_214' title='bbox 1208 2440 1320 2478; x_wconf 91' lang='lat' dir='ltr'><strong>opus.</strong></span> 
     </span>
     <span class='ocr_line' id='line_1_35' title="bbox 474 2494 1549 2543; baseline -0.003 -10"><span class='ocrx_word' id='word_1_215' title='bbox 474 2495 680 2542; x_wconf 88' lang='lat' dir='ltr'><strong>Prodolor,</strong></span> <span class='ocrx_word' id='word_1_216' title='bbox 708 2495 810 2532; x_wconf 87' lang='lat' dir='ltr'><strong>heu!</strong></span> <span class='ocrx_word' id='word_1_217' title='bbox 849 2501 957 2532; x_wconf 87' lang='lat' dir='ltr'><strong>tante</strong></span> <span class='ocrx_word' id='word_1_218' title='bbox 987 2494 1051 2531; x_wconf 91' lang='lat' dir='ltr'><strong>dic</strong></span> <span class='ocrx_word' id='word_1_219' title='bbox 1080 2506 1158 2543; x_wconf 91' lang='lat' dir='ltr'><strong>que</strong></span> <span class='ocrx_word' id='word_1_220' title='bbox 1187 2494 1236 2531; x_wconf 92' lang='lat' dir='ltr'><strong>sit</strong></span> <span class='ocrx_word' id='word_1_221' title='bbox 1265 2505 1384 2531; x_wconf 78' lang='lat' dir='ltr'><strong>causa</strong></span> <span class='ocrx_word' id='word_1_222' title='bbox 1412 2494 1549 2531; x_wconf 90' lang='lat' dir='ltr'><strong>ruine:</strong></span> 
     </span>
     <span class='ocr_line' id='line_1_36' title="bbox 475 2559 1176 2608; baseline -0.001 -11"><span class='ocrx_word' id='word_1_223' title='bbox 475 2560 590 2598; x_wconf 83' lang='lat' dir='ltr'><strong>Elate</strong></span> <span class='ocrx_word' id='word_1_224' title='bbox 620 2560 763 2597; x_wconf 88' lang='lat' dir='ltr'><strong>mentis</strong></span> <span class='ocrx_word' id='word_1_225' title='bbox 794 2566 925 2596; x_wconf 87' lang='lat' dir='ltr'><strong>motus</strong></span> <span class='ocrx_word' id='word_1_226' title='bbox 955 2559 1064 2608; x_wconf 84' lang='lat' dir='ltr'><strong>origo</strong></span> <span class='ocrx_word' id='word_1_227' title='bbox 1094 2559 1176 2596; x_wconf 89' lang='lat' dir='ltr'><strong>fuit.</strong></span> 
     </span>
     <span class='ocr_line' id='line_1_37' title="bbox 473 2623 1390 2674; baseline -0.003 -11"><span class='ocrx_word' id='word_1_228' title='bbox 473 2625 510 2664; x_wconf 94' lang='lat' dir='ltr'>O</span> <span class='ocrx_word' id='word_1_229' title='bbox 540 2637 652 2663; x_wconf 88' lang='lat' dir='ltr'><strong>mens</strong></span> <span class='ocrx_word' id='word_1_230' title='bbox 682 2625 793 2672; x_wconf 88' lang='lat' dir='ltr'><strong>elata,</strong></span> <span class='ocrx_word' id='word_1_231' title='bbox 825 2624 1077 2674; x_wconf 87' lang='lat' dir='ltr'><strong>presumpcio</strong></span> <span class='ocrx_word' id='word_1_232' title='bbox 1106 2624 1201 2670; x_wconf 85' lang='lat' dir='ltr'><strong>dira,</strong></span> <span class='ocrx_word' id='word_1_233' title='bbox 1232 2623 1390 2673; x_wconf 91' lang='lat' dir='ltr'><strong>superni</strong></span> 
     </span>
     <span class='ocr_line' id='line_1_38' title="bbox 473 2689 1834 2739; baseline -0.002 -11"><span class='ocrx_word' id='word_1_234' title='bbox 473 2690 595 2739; x_wconf 87' lang='lat' dir='ltr'><strong>Regis</strong></span> <span class='ocrx_word' id='word_1_235' title='bbox 624 2690 770 2728; x_wconf 88' lang='lat' dir='ltr'><strong>habere</strong></span> <span class='ocrx_word' id='word_1_236' title='bbox 800 2690 943 2737; x_wconf 85' lang='lat' dir='ltr'><strong>locum,</strong></span> <span class='ocrx_word' id='word_1_237' title='bbox 976 2689 1116 2727; x_wconf 90' lang='lat' dir='ltr'><strong>iudicis</strong></span> <span class='ocrx_word' id='word_1_238' title='bbox 1147 2701 1233 2727; x_wconf 90' lang='lat' dir='ltr'><strong>esse</strong></span> <span class='ocrx_word' id='word_1_239' title='bbox 1262 2700 1408 2738; x_wconf 88' lang='lat' dir='ltr'><strong>parem,</strong></span> <span class='ocrx_word' id='word_1_240' title='bbox 1770 2700 1834 2735; x_wconf 77' lang='lat'><strong>730</strong></span> 
     </span>
     <span class='ocr_line' id='line_1_39' title="bbox 472 2754 1275 2804; baseline -0.002 -12"><span class='ocrx_word' id='word_1_241' title='bbox 472 2755 700 2804; x_wconf 90' lang='lat' dir='ltr'><strong>Equarique</strong></span> <span class='ocrx_word' id='word_1_242' title='bbox 730 2767 802 2793; x_wconf 90' lang='lat' dir='ltr'><strong>suo</strong></span> <span class='ocrx_word' id='word_1_243' title='bbox 831 2755 978 2802; x_wconf 85' lang='lat' dir='ltr'><strong>factori,</strong></span> <span class='ocrx_word' id='word_1_244' title='bbox 1011 2766 1091 2792; x_wconf 91' lang='lat' dir='ltr'><strong>non</strong></span> <span class='ocrx_word' id='word_1_245' title='bbox 1122 2754 1275 2800; x_wconf 87' lang='lat' dir='ltr'><strong>imitari,</strong></span> 
     </span>
     <span class='ocr_line' id='line_1_40' title="bbox 474 2819 1345 2869; baseline 0 -13"><span class='ocrx_word' id='word_1_246' title='bbox 474 2820 717 2869; x_wconf 83' lang='lat' dir='ltr'><strong>Equiperare</strong></span> <span class='ocrx_word' id='word_1_247' title='bbox 746 2820 865 2858; x_wconf 88' lang='lat' dir='ltr'><strong>deum</strong></span> <span class='ocrx_word' id='word_1_248' title='bbox 898 2832 972 2858; x_wconf 87' lang='lat' dir='ltr'><strong>nec</strong></span> <span class='ocrx_word' id='word_1_249' title='bbox 1001 2819 1180 2857; x_wconf 87' lang='lat' dir='ltr'><strong>bonitate</strong></span> <span class='ocrx_word' id='word_1_250' title='bbox 1210 2819 1345 2867; x_wconf 86' lang='lat' dir='ltr'><strong>sequi!</strong></span> 
     </span>
     <span class='ocr_line' id='line_1_41' title="bbox 474 2884 1347 2934; baseline -0.003 -11"><span class='ocrx_word' id='word_1_251' title='bbox 474 2885 645 2934; x_wconf 84' lang='lat' dir='ltr'><strong>Expedit</strong></span> <span class='ocrx_word' id='word_1_252' title='bbox 674 2885 863 2934; x_wconf 89' lang='lat' dir='ltr'><strong>exemplis</strong></span> <span class='ocrx_word' id='word_1_253' title='bbox 892 2891 932 2923; x_wconf 90' lang='lat' dir='ltr'><strong>vt</strong></span> <span class='ocrx_word' id='word_1_254' title='bbox 961 2884 1105 2923; x_wconf 85' lang='lat' dir='ltr'><strong>talibus</strong></span> <span class='ocrx_word' id='word_1_255' title='bbox 1134 2890 1347 2922; x_wconf 86' lang='lat' dir='ltr'><strong>euacuetur</strong></span> 
     </span>
    </p>
   </div>
   <div class='ocr_carea' id='block_1_3' title="bbox 2051 2323 2059 3077">
    <p class='ocr_par' dir='ltr' id='par_1_3' title="bbox 2051 2323 2059 3077">
     <span class='ocr_line' id='line_1_42' title="bbox 2051 2323 2059 3077; baseline 0 0"><span class='ocrx_word' id='word_1_256' title='bbox 2051 2323 2059 3077; x_wconf 95' lang='lat' dir='ltr'><strong> </strong></span> 
     </span>
    </p>
   </div>
  </div>
 </body>
</html>
