2095 3173
51 1195 53 1207 1
78 1178 208 1226 Capm.
231 1179 292 1217 xii.

52 1296 54 1313 ι

48 1334 51 1369 Ι

707 213 896 253 LIBER
936 212 1179 254 SEXTUS
1592 226 1670 265 255

315 319 352 359 O
382 326 492 358 tener
520 332 726 367 annorum,
758 319 873 358 dolus
903 319 942 357 in
972 331 1052 368 quo
1082 318 1212 356 nullus
1241 315 1418 364 habetur,

315 386 488 434 Simplex
517 385 713 432 nobilitas,
744 385 894 435 perfida
923 385 999 423 tela
1028 397 1149 423 caue:

319 452 413 489 Etas
443 463 616 500 namque
646 451 727 489 doli
758 463 838 488 non
868 457 908 488 te
937 450 1028 488 sinit
1057 462 1143 488 esse
1172 461 1372 498 capacem,

318 516 411 553 Non
440 522 479 554 te
508 516 670 564 vultque
700 522 812 553 tuum
844 515 1083 564 degenerare
1111 526 1247 564 genus.

318 581 417 619 Sunt
448 581 519 619 tibi
550 582 685 628 forma,
716 593 850 630 genus,
883 581 1021 628 honor,
1053 580 1162 627 ordo,
1194 580 1316 618 decus
1346 590 1424 628 que
1453 584 1652 628 potesta33

319 646 499 685 Contulit
528 647 602 684 hec
631 653 739 684 ortus
768 646 891 684 libera
920 646 1026 684 dona
1055 652 1170 683 tuus:
1614 651 1681 691 850

318 711 459 760 Teque
489 718 704 760 sequantur
732 712 784 749 ita
813 711 908 758 laus,
939 711 1072 757 virtus,
1101 710 1229 759 gracia
1258 721 1425 756 morum,

320 775 371 814 Et
401 776 456 814 sic
485 776 627 826 plenus
656 777 789 823 homo,
822 788 887 814 rex
916 775 991 824 pie,
1022 775 1112 813 viue
1142 775 1231 814 deo.

261 921 339 956 Hic
371 923 552 966 loquitur
586 924 764 967 qualiter
797 933 871 958 rex
905 934 931 957 a
965 933 1038 957 sue
1073 922 1215 957 carnis
1250 922 1472 966 voluptate
1496 921 1683 956 illicebra

215 981 456 1024 specialiter
473 993 519 1016 se
536 982 659 1017 debet
678 982 904 1023 abstinere,
928 983 970 1016 et
995 982 1071 1016 sub
1098 991 1218 1016 sacre
1242 981 1349 1024 legis
1375 980 1683 1015 constitucione

215 1042 387 1083 propter
417 1040 604 1075 diuinam
630 1041 838 1076 offensam
868 1051 942 1075 sue
972 1039 1164 1083 coniugis
1189 1041 1355 1074 tantum
1380 1039 1496 1074 licito
1521 1039 1684 1074 fruatur

216 1098 445 1134 consorcio.

380 1179 416 1218 O
446 1192 563 1228 super
592 1192 711 1217 omne
740 1179 841 1229 fuge,
873 1179 936 1228 pie
966 1191 1042 1226 rex,
1075 1191 1125 1216 ne
1154 1190 1248 1216 ceca
1276 1178 1460 1228 voluptas

328 1245 468 1283 Carnis
497 1245 548 1282 ad
578 1244 751 1282 illicebra
780 1251 970 1293 prouocet
999 1251 1086 1281 acta
1115 1250 1206 1290 tua3

327 1309 505 1358 Sponsus
535 1317 592 1347 set
622 1309 777 1358 propria
806 1309 856 1347 de
885 1308 1037 1358 legibus
1067 1315 1173 1346 vtere
1203 1318 1359 1356 sponsa,

327 1375 414 1412 Nec
434 1375 577 1424 spolies
607 1386 761 1411 sacrum
791 1373 918 1411 laudis
948 1374 1099 1411 honore
1129 1372 1299 1410 thorum.

327 1440 447 1478 Nulla
475 1447 586 1478 vetus
616 1440 805 1488 scriptura
831 1439 951 1477 docet
980 1451 1115 1487 regum
1146 1438 1255 1487 quod
1284 1436 1335 1475 ab
1365 1448 1442 1475 euo

328 1506 440 1543 Stant
469 1506 606 1542 Venus
635 1512 673 1542 et
702 1516 866 1553 regnum
895 1504 1101 1553 pacificata
1130 1502 1269 1540 simul:

329 1570 516 1609 Intendat
545 1570 691 1608 Veneri
721 1569 830 1619 quod
860 1569 982 1607 homo
1012 1569 1129 1606 simul
1159 1575 1197 1606 et
1227 1567 1388 1614 radoni,

329 1637 559 1685 Numquam
589 1635 776 1685 possibile
805 1635 977 1673 creditur
1006 1635 1102 1672 illud
1132 1646 1245 1683 opus.
1622 1638 1686 1669 860

332 1701 516 1739 Pluribus
546 1701 738 1750 exemplis
767 1700 839 1738 tibi
869 1701 982 1737 luxus
1012 1700 1083 1738 erit
1112 1699 1349 1748 fugiendus3

330 1766 459 1804 Biblia
487 1778 566 1815 que
594 1765 741 1813 docuit,
772 1765 922 1813 respice
951 1765 1053 1802 facta
1083 1764 1242 1802 Dauid:

333 1832 506 1870 Involuit
534 1843 666 1880 regem
697 1842 881 1879 processu
912 1829 1100 1878 temporis
1130 1841 1246 1875 error,

333 1897 430 1934 Eius
460 1896 557 1934 dum
585 1895 713 1944 rapuit
742 1907 810 1933 cor
838 1894 1011 1932 mulieris
1040 1905 1176 1931 amor:

333 1962 434 2010 Quis
464 1961 577 1998 dolor
606 1961 699 1998 inde
729 1960 811 2007 fuit,
843 1972 912 1997 seu
943 1971 1020 2009 que
1048 1958 1224 1996 vindicta
1253 1963 1398 2004 secuta,

332 2028 470 2064 Terret
498 2025 631 2063 adhuc
659 2025 835 2062 animum
866 2024 933 2073 qui
962 2024 1054 2073 legit
1083 2023 1148 2061 illa
1177 2022 1258 2060 viri.

334 2092 391 2130 Sit
418 2090 490 2129 tibi
520 2091 636 2139 culpa
665 2090 799 2128 Dauid
828 2089 1043 2138 speculum,
1076 2088 1287 2137 speculeris
1317 2088 1356 2124 in
1386 2087 1464 2134 illo,

334 2157 460 2196 Casus
489 2163 529 2194 vt
557 2156 714 2194 alterius
743 2162 782 2194 te
812 2167 929 2204 super
957 2154 1034 2192 alta
1062 2154 1194 2192 leuet:

335 2222 443 2259 Felix
472 2234 592 2270 quem
621 2221 770 2259 faciunt
798 2221 926 2258 aliena
954 2219 1127 2269 pericula
1156 2225 1328 2266 cautum,

336 2288 526 2325 Precauet
545 2283 658 2324 =vnde
687 2286 768 2324 vias
798 2297 895 2335 quas
924 2284 1032 2323 videt
1061 2291 1153 2322 ante
1184 2296 1360 2321 manum.
1627 2289 1692 2330 870

390 2352 572 2400 Respice,
603 2351 699 2389 dum
729 2351 920 2399 populum
950 2349 1053 2387 fraus
1084 2349 1191 2386 nulla
1211 2348 1366 2387 valebat
1396 2347 1606 2386 Hebreum

336 2416 516 2463 Vincere,
547 2416 741 2453 femineus
766 2415 859 2452 vicit
887 2426 1022 2452 amore
1051 2413 1180 2451 dolus.

339 2481 539 2529 Exemplis
569 2481 730 2518 Balaam
759 2480 948 2526 docearis,
980 2478 1185 2528 quomodo
1215 2489 1346 2527 regem

341 2547 433 2594 Ipse
463 2546 584 2584 Balak
613 2546 764 2593 docuit,
793 2545 961 2595 qualiter
989 2556 1082 2582 ecce
1112 2542 1194 2580 fuit.

341 2611 562 2650 Consilium
591 2610 701 2649 dedit
730 2611 814 2660 ipse
844 2609 979 2656 Balak,
1011 2621 1089 2658 qua
1117 2606 1249 2645 turbet
1280 2606 1466 2645 Hebreos

342 2678 448 2723 Arte,
480 2675 623 2725 quibus
652 2675 803 2726 frangat
831 2675 984 2713 hostica
1012 2673 1117 2712 bella
1145 2672 1261 2710 dolis.

493 2777 558 2816 849
582 2777 748 2816 decorque
761 2776 788 2807 C

496 2828 578 2868 Cap.
597 2828 656 2859 xii.
681 2827 842 2869 Heading
859 2838 873 2859 1
893 2826 1053 2859 illecebra
1070 2825 1128 2857 (ΞΕ
1147 2826 1196 2867 (so
1212 2825 1282 2857 also
1300 2825 1408 2868 below)

496 2881 561 2920 873
586 2879 752 2920 Exemplo
769 2880 797 2911 C
