2095 3173
484 214 561 265 178
947 213 1079 254 VOX
1120 211 1479 253 CLAMANTIS

588 320 789 359 Verbosus
820 327 957 366 taceat,
990 318 1168 357 mitescat
1199 318 1372 356 feruidus
1402 318 1469 365 ira,

588 385 752 423 Invidus
781 383 927 422 invidie
956 382 1041 421 dira
1068 396 1222 421 venena
1249 390 1408 430 vomat,-

587 450 743 500 Cuique
773 448 878 499 prius
907 447 1061 498 gladius
1090 447 1249 498 placuit,
1281 449 1464 498 placuere
1494 448 1641 499 rapine,

586 517 705 554 Nunc
736 514 822 564 pius
852 521 890 552 et
920 513 1024 551 mitis
1054 513 1161 564 pacis
1190 521 1343 552 amator
1371 513 1454 552 erit.

585 579 775 629 Quisquis
804 580 1038 618 adulantum
1067 586 1231 617 ventosa
1259 580 1377 618 laude
1407 579 1597 627 tumebat,

585 647 704 684 Nunc
734 644 942 683 hominum
972 646 1108 683 laudes
1138 644 1294 683 estimet
1323 658 1409 684 esse
1439 645 1560 684 nichil
1576 660 1586 693 3
1887 661 1953 691 420

587 713 637 749 Et
667 710 734 761 qui
764 710 835 749 rite
865 711 964 749 solet
993 710 1077 748 aliis
1107 709 1259 748 feritate
1288 723 1444 757 nocere,

588 778 708 815 Nunc
738 775 863 815 eciam
893 777 996 814 lesus
1027 774 1152 814 discat
1181 789 1314 814 amara
1343 775 1451 826 pati:

585 843 651 881 Ad
680 842 766 880 lites
796 841 919 880 facilis
948 841 1020 879 fuit
1050 840 1125 888 hic,
1156 842 1208 879 ad
1238 840 1363 890 iurgia
1392 854 1568 892 preceps,

586 907 753 946 Fortiter
780 906 938 945 alterius
968 919 1076 945 nunc
1105 905 1316 944 maledicta
1346 907 1453 944 ferat.

585 975 676 1022 Que
706 974 828 1012 modo
858 978 1093 1023 pugnarunt,
1125 970 1293 1022 iungunt
1322 984 1393 1009 sua
1421 978 1545 1010 rostra
1573 972 1771 1018 columbe,

586 1040 672 1077 Nec
701 1038 807 1089 prior
834 1037 993 1076 vlterius
1023 1037 1078 1075 ira
1108 1036 1284 1076 manebit
1314 1036 1381 1075 eis.

586 1104 650 1143 Sic
679 1104 763 1142 sine
792 1110 958 1153 peccato
987 1104 1086 1142 foret
1115 1102 1171 1140 ira
1199 1102 1341 1149 breuis,
1375 1103 1484 1152 quod
1514 1102 1554 1140 in
1583 1104 1662 1141 vllo

586 1169 748 1208 Nesciat
777 1168 939 1207 interius
970 1167 1113 1207 mentis
1142 1168 1297 1218 agenda
1326 1169 1442 1206 furor.

586 1237 678 1274 Hec
706 1234 875 1281 veniam,
906 1235 1052 1280 fratres,
1085 1233 1293 1272 conuersio
1323 1247 1414 1272 vera
1444 1241 1624 1280 meretur,

587 1302 678 1338 Hec
707 1301 809 1338 valet
839 1300 1034 1338 offensum
1064 1298 1272 1350 pacificare
1301 1300 1433 1338 deum.
1886 1314 1953 1348 430

523 1429 601 1464 Hic
618 1429 804 1473 loquitur
820 1430 1001 1473 qualiter
1023 1429 1209 1473 religiosi
1227 1429 1450 1464 consorcia
1472 1430 1688 1466 mulierum
1711 1429 1952 1474 specialiter

478 1489 638 1524 euitare
664 1488 828 1523 debent.

352 1568 481 1615 Cap'¹¹.
502 1565 551 1602 xi.
644 1562 878 1601 Femineum
907 1563 998 1612 fuge
1027 1562 1283 1612 colloquium,
1314 1561 1372 1600 vir
1400 1569 1546 1610 sancte,
1578 1569 1720 1601 caueto

585 1630 648 1668 Ne
677 1635 716 1666 te
745 1628 923 1666 confidas
952 1627 1042 1678 igne
1071 1628 1224 1666 furente
1253 1627 1396 1675 nimis,-

584 1696 690 1732 Nam
713 1705 798 1743 ‘que
827 1692 1001 1731 femineo
1030 1706 1141 1731 mens
1172 1700 1287 1742 capta
1315 1692 1455 1743 ligatur
1483 1706 1617 1731 amore

584 1761 816 1808 Numquam
846 1757 1033 1795 virtutum
1063 1759 1221 1796 culmen
1251 1758 1397 1796 habere
1426 1766 1567 1808 potest.

585 1826 741 1863 Harum
771 1822 1015 1873 colloquium
1045 1822 1116 1860 tibi
1146 1822 1242 1873 quid
1271 1824 1344 1861 fert
1373 1823 1580 1861 vtilitatis?

584 1888 739 1928 Venisti
768 1889 1000 1935 monachus,
1032 1887 1154 1938 turpis
1183 1889 1337 1927 adulter
1364 1888 1461 1927 abis.

585 1957 689 2005 Ergo
717 1954 891 1993 virosum
920 1953 995 1991 nisi
1025 1953 1284 1992 declinaueris
1314 1967 1496 2005 anguem,

585 2022 689 2060 Cum
719 2019 850 2057 minus
880 2033 966 2058 esse
995 2026 1120 2069 putas,
1152 2019 1335 2058 inficieris
1365 2033 1422 2058 ea.

585 2151 625 2190 Si
654 2150 741 2201 quis
771 2164 859 2189 eam
889 2157 1033 2200 tangat,
1064 2149 1184 2187 vritur
1212 2149 1306 2188 inde
1336 2149 1466 2188 statim
1490 2165 1496 2188 ε
1885 2167 1951 2199 440

586 2216 626 2255 Si
655 2223 831 2255 veterum
860 2214 981 2253 libros
1011 2222 1049 2252 et
1078 2222 1233 2265 patrum
1263 2215 1407 2265 scripta
1435 2217 1626 2263 revoluas,

585 2283 813 2322 Condoleas
843 2288 1000 2319 sanctos
1031 2280 1085 2318 sic
1115 2280 1305 2319 cecidisse
1334 2280 1447 2319 viros.

586 2346 795 2396 Numquid
825 2359 905 2384 non
935 2345 1140 2384 hominem
1171 2345 1310 2383 mulier
1338 2347 1388 2384 de
1418 2347 1512 2384 sede
1543 2345 1659 2384 beata

587 2411 759 2462 Expulit,
791 2419 829 2450 et
858 2418 990 2449 nostre
1019 2410 1155 2449 mortis
1185 2410 1293 2461 origo
1323 2410 1427 2449 fuit?

587 2477 669 2527 Qui
698 2477 827 2516 bonus
857 2483 916 2514 est
944 2475 1059 2526 igitur
1088 2483 1220 2526 pastor
1248 2475 1389 2525 vigilet,
1422 2489 1500 2526 que
1529 2490 1690 2526 rapaces

589 2542 756 2582 Eminus
784 2556 808 2580 a
836 2541 1013 2580 claustris
1041 2543 1160 2592 pellat
1188 2540 1334 2591 vbique
1363 2542 1485 2591 lupas.

644 2607 881 2658 Depositum
912 2620 1050 2645 serua:
1088 2606 1159 2644 tibi
1189 2620 1266 2657 que
1295 2620 1484 2656 responsa
1512 2607 1710 2655 valebunt,

590 2675 737 2720 Pastor,
769 2672 837 2723 qui
866 2672 1001 2723 rapide
1030 2671 1174 2722 linquis
1204 2671 1308 2710 ouile
1338 2673 1460 2722 lupe?

588 2740 689 2788 Sepe
718 2751 887 2788 sequens
916 2751 1061 2788 agnum
1090 2739 1183 2787 lupa
1212 2744 1286 2775 stat
1316 2738 1366 2775 de
1395 2751 1492 2776 voce
1521 2745 1682 2785 retenta,

587 2804 768 2853 Sepeque
797 2803 962 2853 pastoris
991 2817 1058 2842 ore
1086 2810 1240 2841 tacente
1270 2803 1379 2852 perit.
1882 2818 1949 2851 450

587 2869 651 2907 Ad
681 2870 811 2918 plures
840 2870 933 2919 lupa
961 2868 1087 2907 tendit
1117 2881 1226 2916 oues,
1255 2875 1490 2919 pastoreque
1519 2870 1627 2907 lento
