2095 3173
411 219 465 258 24

885 205 1015 247 VOX
1055 205 1415 248 CLAMANTIS

521 315 601 352 Tot
632 313 785 352 fuerant
816 313 906 351 illuc
936 319 1033 363 quot
1062 313 1183 352 habet
1213 321 1351 352 natura
1380 313 1544 359 colores,

523 379 713 428 Pictaque
742 378 922 417 dissimili
954 378 1048 416 flore
1078 377 1254 428 superbit
1283 379 1451 416 humus:

523 445 560 484 O
590 445 682 494 quia
711 444 884 493 digestos
914 443 1021 480 volui
1051 455 1258 482 numerare
1286 444 1449 489 colores,

523 510 610 548 Nec
639 509 760 558 potui,
794 520 958 546 numero
988 509 1102 558 copia
1131 509 1256 547 maior
1285 516 1376 546 erat.

577 577 673 615 Orta
704 577 871 625 fragrant
902 576 1044 614 clausis
1074 576 1173 614 sicut
1203 576 1407 626 paradisus
1438 576 1477 613 in
1508 576 1601 613 ortis

523 642 706 682 Candida
735 653 826 678 cum
857 639 989 679 rubeis
1017 641 1096 679 lilia
1125 642 1246 679 mixta
1275 642 1396 679 rosis:

524 707 682 746 Deforis
712 707 751 744 in
781 707 931 755 campis
961 713 1036 744 stat
1065 707 1233 756 primula
1261 707 1390 745 cincta
1419 707 1601 757 ligustris,

525 772 667 811 Omnis
698 779 735 810 et
765 771 839 809 hec
869 770 991 810 herba
1021 785 1139 821 quam
1170 772 1369 810 medicina
1397 772 1561 821 probat:

525 837 753 876 Herbarum
784 837 883 875 vires
912 837 1075 884 fuerant,
1109 849 1187 886 que
1216 838 1379 885 semine,
1411 850 1542 884 succo,

524 904 602 942 Seu
632 903 764 941 radice
794 909 946 952 queunt
976 903 1074 941 ferre
1104 903 1240 940 salutis
1271 915 1415 952 opem:

526 971 772 1018 Purpureum
803 968 916 1007 viridi
945 969 1080 1017 genuit
1110 968 1160 1006 de
1189 969 1338 1018 cespite
1368 969 1516 1016 florem,

526 1036 659 1084 Quam
690 1041 828 1072 natura
857 1034 937 1072 suis
966 1033 1119 1084 legibus
1148 1041 1273 1081 ornat,
1306 1034 1474 1073 humus:

527 1101 720 1147 Balsama,
752 1100 1010 1149 pigmentum,
1042 1112 1134 1137 cum
1165 1099 1289 1137 nardo
1318 1100 1454 1147 cassia,
1486 1101 1601 1138 mirra

527 1166 632 1206 Cum
661 1172 771 1215 gutta
800 1165 914 1203 sedes
944 1165 1007 1202 hic
1037 1171 1207 1203 statuere
1237 1177 1340 1204 suas.

527 1233 728 1280 Purpuree
758 1231 871 1277 viole,
906 1242 993 1268 rosa
1023 1231 1169 1277 rocida,
1201 1230 1374 1269 candida
1403 1243 1560 1280 semper

528 1297 627 1334 Lilia
657 1295 859 1334 certabant
888 1295 995 1333 hunc
1024 1295 1201 1334 habitare
1230 1296 1374 1334 locum.

529 1362 602 1400 Ille
630 1361 741 1399 locus
771 1361 878 1399 solus
907 1360 982 1398 sibi
1011 1361 1196 1399 vendicat
1226 1373 1346 1399 omne
1375 1360 1485 1410 quod
1514 1373 1590 1408 aer,

528 1427 651 1476 Quod
681 1438 798 1473 mare,
831 1426 941 1476 quod
970 1426 1096 1474 tellus,
1129 1427 1249 1464 nutrit
1279 1425 1479 1475 habetque
1508 1426 1686 1465 bonum:

528 1493 611 1531 Hic
641 1493 763 1531 decus
793 1500 851 1530 est
881 1491 998 1539 orbis,
1030 1492 1102 1530 flos
1131 1492 1283 1539 mundi,
1314 1492 1438 1542 gloria
1467 1504 1607 1538 rerum,

529 1558 702 1596 Delicias
731 1570 882 1603 omnes,
914 1570 1012 1607 quas
1041 1557 1140 1607 petit
1168 1570 1270 1604 vsus,
1303 1557 1447 1605 habet;

530 1624 678 1662 Insitus
707 1622 924 1669 arboribus,
957 1622 1089 1661 herbis
1119 1623 1327 1672 plantatus,
1359 1629 1398 1661 et
1427 1623 1536 1661 omni

531 1691 701 1727 Munere
730 1688 964 1738 prepollens,
996 1700 1075 1737 que
1104 1687 1179 1725 sibi
1209 1688 1336 1737 poscit
1366 1688 1499 1726 homo,

583 1756 655 1792 Est
685 1755 781 1792 alter
809 1754 1014 1803 paradisus
1043 1753 1109 1800 ibi,
1141 1766 1233 1791 nam
1264 1754 1456 1803 quicquid
1486 1753 1631 1792 habere

529 1821 650 1858 Mens
680 1820 855 1857 humana
883 1819 1003 1868 cupit,
1035 1825 1136 1856 terra
1165 1817 1281 1857 beata
1310 1819 1422 1868 parit,

530 1885 725 1924 Fontibus
755 1884 906 1934 irriguis
935 1884 1142 1932 fecundus,
1175 1884 1327 1922 semine
1356 1885 1508 1934 plenus,

530 1951 713 1990 Floribus
743 1950 905 2000 insignis
935 1949 1224 1999 fructiferisque
1254 1949 1395 1998 bonis;

529 2018 733 2066 Terraque
761 2028 853 2053 cum
883 2028 969 2054 rore
999 2015 1136 2054 dulces
1165 2016 1380 2054 commixta
1408 2016 1560 2065 vigores

530 2082 729 2130 Concipit,
761 2088 800 2119 et
828 2081 932 2118 varia
960 2081 1139 2130 gramina
1169 2087 1260 2118 nata
1288 2081 1407 2119 fouet.

532 2146 758 2185 Frondibus
788 2146 882 2183 inde
911 2158 1052 2183 nemus
1081 2145 1254 2192 vestitur,
1287 2145 1449 2184 floribus
1478 2152 1596 2192 ortus,

531 2210 788 2251 Graminibus
818 2223 994 2259 campus,
1026 2210 1326 2260 seminibusque
1355 2211 1483 2249 solum
1498 2224 1509 2258 3

532 2277 719 2326 Siluaque
749 2276 889 2314 fronde
918 2288 991 2314 suo
1020 2282 1243 2323 renouatur,
1275 2282 1314 2314 et
1343 2288 1463 2314 omne
1492 2276 1647 2314 virescit

534 2344 704 2388 Pratum,
737 2341 847 2390 quod
875 2341 981 2379 lutea
1009 2341 1126 2379 sorde
1156 2340 1310 2390 subegit
1339 2353 1486 2390 yemps.

534 2406 769 2446 Mulcebant
799 2407 945 2456 zephiri
975 2413 1090 2444 natos
1119 2407 1205 2444 sine
1233 2406 1386 2445 semine
1415 2406 1541 2453 flores,

534 2474 586 2511 Et
615 2473 721 2510 calor
749 2484 771 2509 a
801 2472 951 2521 superis
980 2472 1135 2509 lucidus
1165 2478 1277 2509 ornat
1306 2472 1486 2509 humum.

531 2539 711 2586 Tempus
741 2543 780 2575 et
809 2537 850 2574 in
880 2537 1059 2575 volucres
1088 2542 1252 2574 cantum
1283 2535 1487 2583 fundebat,
1520 2542 1558 2574 et
1587 2537 1674 2574 altis

533 2602 712 2640 Vocibus
741 2614 788 2640 ex
816 2602 931 2640 variis
959 2608 1145 2651 personat
1174 2613 1294 2639 omne
1323 2613 1489 2640 nemus:

535 2668 698 2716 Semper
729 2667 835 2705 idem
864 2674 1046 2717 repetens
1075 2667 1239 2705 cuculus
1269 2667 1320 2705 de
1347 2673 1504 2716 gutture
1533 2666 1651 2716 plano

536 2732 703 2779 Clamat,
735 2740 773 2771 et
804 2740 862 2771 est
892 2733 1002 2771 testis
1032 2733 1222 2782 temporis
1252 2733 1336 2782 ipse
1366 2733 1484 2772 noui:

537 2798 718 2835 Nuncius
748 2800 900 2837 Aurore
929 2798 1140 2836 modulans
1170 2797 1373 2836 volutabat
1403 2799 1559 2836 Alauda

1844 515 1887 545 60

1851 1826 1894 1856 80

1853 2488 1896 2520 90

429 2880 471 2910 79
488 2870 745 2911 lVopamgraplz
761 2870 818 2902 CE
919 2871 958 2902 81
977 2870 1113 2910 irriguis
1128 2870 1152 2902 S
1198 2871 1343 2911 irriguus
1355 2870 1510 2902 CEGDL
1607 2879 1649 2912 95
1666 2870 1828 2902 uolitabat
1839 2870 1896 2901 CE
