2095 3173
5 3075 17 3173 &aa
6 2988 17 3068 *qa
14 2917 15 2922 Α

630 232 818 273 LIBER
859 232 1196 275 SECUNDUS

285 338 357 375 Est
387 350 492 376 nunc
522 338 660 377 subtus
689 352 745 386 ea,
779 351 886 377 nunc
915 346 953 377 et
982 339 1021 377 in
1053 339 1149 378 orbe
1178 352 1306 389 supra.

285 402 491 451 Regnabo,
523 416 654 453 regno,
686 404 856 454 regnaui,
889 416 975 441 sum
1006 404 1090 442 sine
1119 417 1251 454 regno,

284 467 436 506 Omnes
466 468 521 506 sic
550 468 722 507 breuiter
750 469 896 517 decipit
925 469 1022 507 illud
1052 469 1134 508 iter.

284 532 465 570 Motibus
496 533 713 572 innumeris
743 534 889 572 variare
918 541 1124 572 momenta
1152 534 1318 582 dierum,

285 596 418 634 Omne
448 597 559 646 quod
588 598 800 635 instituunt
828 597 906 634 fata
936 599 1061 646 perire
1092 598 1237 636 sinunt.

283 662 459 710 Quando
488 662 594 699 fauet
624 663 780 700 fortuna
809 674 918 709 caue,
949 669 1033 700 rota
1063 675 1236 712 namque
1265 664 1435 702 rotunda

282 727 421 774 Vertit,
454 733 492 764 et
523 727 683 764 inferius
713 739 791 776 que
820 728 909 765 tulit
937 728 1015 765 alta
1043 729 1210 777 premit:

284 791 396 839 Quos
426 798 540 829 vocat
569 791 670 838 eicit,
703 791 823 840 erigit,
855 791 998 840 obruit,
1030 793 1164 830 onmia
1192 794 1326 841 voluit,

283 855 382 894 Esse
412 868 528 893 suum
558 856 761 905 proprium
792 857 976 894 vendicat
1006 857 1090 906 ipsa
1119 857 1271 895 dolum.

282 920 469 958 Passibus
498 920 693 969 ambiguis
723 920 879 958 fortuna
908 920 1091 959 volubilis
1121 929 1231 969 errat,

282 986 333 1023 Et
362 992 497 1024 manet
526 986 566 1023 in
595 986 705 1024 nullo
734 986 934 1024 cotidiana
962 987 1076 1025 loco:

282 1051 343 1088 En
375 1051 502 1100 rapuit
533 1051 817 1100 quodcumque
847 1052 957 1090 dedit
986 1051 1142 1090 fortuna
1170 1051 1343 1100 beatum,

283 1117 345 1154 Fit
374 1129 505 1154 macer
535 1123 573 1154 et
604 1115 735 1154 subito
765 1116 833 1165 qui
863 1117 985 1154 modo
1015 1129 1167 1154 crassus
1197 1124 1292 1155 erat.

281 1182 390 1218 Dum
420 1181 528 1218 iuuat
557 1187 595 1218 et
624 1181 734 1218 vultu
764 1180 864 1218 ridet
892 1181 1049 1218 fortuna
1078 1193 1229 1228 sereno,

284 1246 476 1294 Prospera
504 1251 600 1283 tunc
629 1251 771 1282 cuncta
800 1257 919 1294 regna
948 1251 1142 1294 sequntur
1170 1257 1292 1294 opes:

281 1309 385 1348 Cum
416 1310 513 1359 fugit
543 1310 618 1357 illa,
650 1310 767 1347 simul
796 1310 960 1359 fugiunt,
993 1322 1067 1348 nec
1097 1310 1272 1347 noscitur
1302 1310 1366 1348 ille

280 1374 518 1424 Agminibus
548 1376 739 1413 comitum
770 1376 837 1425 qui
867 1375 989 1413 modo
1019 1375 1172 1413 cinctus
1203 1382 1294 1414 erat.

336 1441 534 1478 Monstrat
564 1440 604 1477 in
633 1440 823 1489 exemplis
852 1440 946 1478 anni
975 1439 1167 1478 mutabile
1196 1446 1364 1489 tempus,

284 1504 417 1552 Quam
446 1504 604 1542 fortuna
633 1505 713 1542 suis
743 1510 819 1542 stat
847 1505 1035 1543 varianda
1064 1505 1207 1543 modis.

282 1569 376 1606 Non
405 1576 464 1607 est
493 1570 649 1607 fortuna
677 1570 764 1607 talis
793 1570 890 1618 quin
920 1570 1027 1607 fallat
1056 1569 1195 1616 amica,

280 1635 389 1672 Dum
419 1635 584 1673 mentita
613 1648 683 1673 sue
711 1635 773 1673 lex
802 1635 899 1684 regit
927 1641 1015 1673 acta
1044 1641 1140 1673 rote.

280 1700 372 1737 Hec
400 1705 485 1737 rota
514 1700 702 1738 continue
731 1712 800 1749 per
828 1700 955 1749 girum
986 1699 1036 1738 de
1066 1699 1226 1737 leuitate

279 1764 463 1810 Vertitur,
494 1771 533 1802 et
562 1765 671 1803 nullo
701 1771 879 1813 tempore
908 1764 983 1801 fixa
1011 1770 1171 1802 manet:

280 1829 373 1866 Hec
402 1835 486 1866 rota
514 1841 702 1878 personas
732 1830 872 1868 mundi
902 1842 984 1866 non
1013 1830 1156 1877 excipit
1185 1829 1281 1866 vllas
1296 1842 1306 1877 3

284 1893 376 1931 Hec
405 1899 490 1931 rota
518 1894 690 1943 castigat,
723 1894 853 1940 soluit,
885 1900 923 1931 et
953 1905 1073 1931 omne
1102 1893 1205 1941 ligat.

280 1958 373 1996 Non
403 1959 508 1996 illam
539 1959 663 1997 flectis
693 1957 888 2008 precibus,
919 1970 1002 1996 non
1031 1969 1196 1995 munere
1225 1956 1386 2004 mulces,

282 2023 376 2060 Non
406 2023 523 2060 nullis
552 2023 721 2061 lacrimis
751 2035 871 2061 nemo
900 2022 1080 2060 mouebit
1110 2034 1221 2060 eam:

280 2088 373 2125 Non
404 2100 529 2135 sexus,
562 2101 643 2126 non
673 2088 869 2134 condicio,
901 2099 982 2125 non
1012 2087 1111 2125 ordo
1141 2087 1202 2124 vel
1231 2092 1324 2133 etas,

279 2153 347 2191 Nil
375 2153 577 2202 compellit
607 2165 694 2191 eam
723 2166 814 2191 cum
844 2153 990 2202 pietate
1019 2152 1111 2202 pati.

278 2219 389 2258 Ciuis
420 2225 458 2257 et
487 2219 667 2268 agricola,
699 2231 775 2266 rex,
808 2219 986 2265 rusticus,
1018 2217 1132 2256 albus
1162 2224 1200 2255 et
1229 2224 1321 2264 ater,

278 2284 431 2321 Doctus
460 2290 499 2322 et
529 2284 729 2332 insipiens,
761 2284 874 2321 diues
904 2283 1100 2332 inopsque
1130 2282 1258 2328 simul,

277 2349 389 2386 Mitis
418 2355 456 2387 et
485 2349 713 2397 impaciens,
744 2348 843 2398 pius,
875 2354 995 2394 atrox,
1028 2359 1136 2396 equs,
1168 2347 1310 2396 iniqus,

278 2413 378 2451 Sunt
406 2413 448 2450 in
477 2413 635 2460 iudicio,
667 2413 798 2451 iudice
827 2418 941 2459 sorte,
974 2424 1097 2461 pareS.

278 2478 368 2515 Hos
397 2477 549 2526 premit,
581 2477 654 2516 hos
684 2477 845 2524 releuat,
877 2477 983 2514 leuat
1012 2476 1085 2513 hos
1114 2481 1155 2513 vt
1183 2475 1234 2513 ad
1263 2487 1354 2525 yma
1383 2476 1568 2523 retrudat,

277 2541 600 2590 Interutrumque
629 2542 732 2580 iocat
761 2554 862 2591 quos
891 2540 942 2578 ad
970 2548 1180 2588 Vtrumque
1209 2545 1350 2578 vocat:

278 2606 398 2644 Ludit
427 2613 465 2644 et
494 2607 622 2644 illudit
650 2606 777 2654 rebus,
811 2619 901 2644 cum
932 2605 1105 2643 lubricus
1134 2604 1215 2642 axis

278 2670 441 2708 Labitur
470 2676 508 2708 et
537 2682 671 2709 secum
701 2669 852 2709 lubrica
881 2681 1038 2719 queque
1067 2668 1170 2705 facit.

278 2736 370 2774 Hec
399 2741 483 2773 rota
512 2736 689 2783 nugatrix
718 2736 774 2773 sic
802 2736 1048 2785 girovagatur
1078 2733 1221 2771 eodem

277 2801 406 2848 Motu,
438 2813 488 2839 ne
516 2801 640 2849 possit
668 2800 785 2838 rebus
814 2801 943 2838 inesse
972 2799 1096 2848 quies.

593 2880 654 2911 168
678 2884 780 2912 cunta
797 2880 823 2912 C
971 2888 1032 2920 174
1055 2877 1141 2919 tegit
1158 2876 1215 2910 (ΖΕ

1583 737 1645 769 160

1581 2007 1643 2061 rSo

1577 2684 1640 2717 190
