2095 3173
374 333 505 384 Capm.

375 528 503 578 Capm.

376 659 506 708 Capm.

376 789 504 837 Capffl.

377 919 506 968 Capffl.

378 1179 506 1228 Capm.

378 1374 508 1423 Capm.

378 1505 510 1554 Capm.

379 1829 509 1879 Capm.

380 2023 509 2073 Capm.

381 2282 513 2332 Capru.

382 2476 514 2526 Capm.

903 225 1033 267 VOX
1074 224 1433 266 CLAMANTIS

528 334 564 372 ii.
599 334 679 371 Hic
706 333 842 383 incipit
863 333 1102 382 sompnium,
1125 333 1188 372 vbi
1217 334 1392 384 quodam
1417 333 1482 371 die
1504 332 1643 369 Martis
1664 331 1759 369 dicit
1786 343 1828 370 se
1854 332 1978 369 varias

591 399 695 449 vulgi
716 405 863 437 turmas
890 398 1046 445 vidisse,
1075 411 1242 447 quarum
1269 399 1435 448 primam
1462 398 1502 435 in
1533 397 1832 435 similitudinem
1853 397 1978 435 asino-

591 476 677 501 rum
698 463 838 501 mutari
860 461 993 500 subito
1014 463 1300 511 speculabatur.

528 528 578 566 iii.
611 529 691 566 Hic
712 528 807 566 dicit
835 539 876 565 se
897 538 966 575 per
986 528 1212 576 sompnium
1235 528 1437 577 quandam
1463 526 1568 576 vulgi
1595 532 1764 564 turmam
1792 525 1832 563 in
1852 524 1977 564 boues

590 593 735 631 vidisse
756 598 959 630 mutatam.

529 658 594 695 iiii.
627 658 707 695 Hic
728 657 823 695 dicit
844 668 885 694 se
906 669 975 706 per
988 657 1215 707 sompnium
1236 657 1438 708 quandam
1459 656 1563 706 vulgi
1583 662 1754 694 turmam
1778 655 1816 692 in
1838 667 1978 704 porcos

590 723 735 760 vidisse
756 728 957 759 mutatam.

527 800 561 825 v.
593 787 674 824 Hic
700 786 795 824 dicit
822 798 863 824 se
890 798 959 835 per
985 787 1212 836 sompnium
1240 786 1441 837 quandam
1468 786 1572 836 vulgi
1596 793 1764 824 turmam
1796 785 1834 822 in
1862 796 1980 823 canes

593 852 736 890 vidisse
757 857 959 889 mutatam.

528 918 574 956 vi.
609 917 689 955 Hic
716 917 811 955 dicit
838 929 880 955 se
910 929 977 966 per
997 917 1223 966 sompnium
1254 917 1454 966 quandam
1476 916 1579 966 vulgi
1606 922 1775 953 turmam
1798 914 1835 951 in
1858 925 1981 952 mure-

591 983 699 1032 legos
729 989 767 1020 et
797 982 933 1031 vulpes
967 982 1112 1020 vidisse
1145 988 1361 1019 mutatam:
1403 981 1497 1019 dicit
1527 981 1747 1029 murelegos
1776 986 1816 1017 vt
1846 991 1981 1016 seruos

591 1048 856 1095 domesticos:
893 1047 988 1085 dicit
1026 1047 1175 1096 vulpes,
1215 1047 1308 1097 quia
1347 1047 1450 1085 fures
1488 1047 1610 1096 ruptis
1649 1045 1797 1094 vbique
1831 1044 1980 1083 Gaiolis

593 1113 702 1151 liberi
724 1119 818 1150 tunc
839 1124 908 1150 eos
929 1111 1231 1150 comitabantur.

530 1178 591 1216 vii.
626 1178 707 1215 Hic
730 1178 825 1216 dicit
849 1190 890 1215 se
917 1189 985 1226 per
1011 1178 1238 1227 sompnium
1263 1177 1463 1227 quandam
1491 1177 1594 1226 vulgi
1623 1183 1792 1214 turmam
1821 1175 1860 1212 in
1887 1186 1980 1213 aues

593 1243 830 1281 domesticas
852 1243 995 1280 vidisse
1014 1249 1218 1290 mutatam,
1237 1243 1381 1292 quibus
1403 1243 1497 1281 dicit
1519 1242 1645 1292 quod
1666 1240 1848 1280 bubones
1870 1240 1982 1291 quasi

593 1309 789 1357 predones
811 1308 1012 1346 commixti
1032 1308 1342 1347 associebantur.

531 1373 608 1411 viii.
642 1373 721 1410 Hic
759 1373 854 1411 dicit
893 1385 934 1411 se
973 1385 1041 1422 per
1079 1374 1306 1423 sompnium
1345 1373 1547 1423 quandam
1587 1372 1690 1422 vulgi
1729 1378 1899 1410 turmam
1942 1372 1981 1409 in

593 1451 748 1476 muscas
769 1445 807 1476 et
827 1451 941 1476 ranas
962 1438 1106 1476 vidisse
1126 1445 1330 1476 mutatam.

532 1505 577 1541 ix.
613 1505 693 1541 Hic
727 1504 822 1542 dicit
856 1516 897 1541 se
931 1515 1000 1553 per
1038 1504 1265 1553 sompnium
1305 1504 1449 1542 vidisse
1483 1504 1604 1553 quod,
1641 1503 1803 1553 quando
1842 1514 1981 1540 omnes

594 1569 769 1618 predicte
789 1569 886 1606 furie
907 1568 946 1605 in
968 1580 1088 1606 vnum
1109 1569 1316 1607 extiterant
1337 1575 1583 1618 congregate,
1602 1568 1766 1617 quidam
1787 1567 1980 1606 Graculus

594 1634 689 1681 auis,
721 1634 888 1683 Anglice
918 1634 1014 1683 Gay,
1046 1634 1114 1683 qui
1143 1634 1350 1683 vulgariter
1378 1640 1540 1672 vocatur
1570 1634 1709 1679 Watte,
1744 1633 1981 1682 presumpsit

594 1698 667 1737 sibi
701 1705 846 1737 statum
880 1698 1079 1748 regiminis
1113 1699 1290 1746 aliorum,
1327 1705 1366 1737 et
1400 1699 1439 1736 in
1474 1698 1527 1737 rei
1560 1698 1721 1736 veritate
1755 1698 1820 1736 ille
1851 1698 1982 1735 Watte

596 1764 667 1801 fuit
688 1764 767 1802 dux
788 1775 938 1802 eorum.

532 1842 565 1867 x.
600 1828 680 1866 Hic
710 1828 805 1867 dicit
835 1841 877 1866 se
910 1839 980 1877 per
1013 1829 1241 1878 sompnium
1267 1829 1412 1868 vidisse
1445 1829 1651 1879 progenies
1681 1828 1834 1877 Chaym
1868 1827 1983 1866 male-

595 1893 720 1931 dictas
754 1905 830 1930 vna
869 1905 960 1930 cum
995 1894 1250 1932 multitudine
1283 1906 1487 1932 seruorum
1522 1906 1646 1943 nuper
1680 1893 1800 1942 Regis
1831 1892 1981 1939 Vluxis,

594 1970 695 2008 quos
716 1958 851 1997 Circes
871 1958 911 1995 in
934 1957 1077 1996 bestias
1099 1959 1276 2005 mutauit,
1298 1959 1406 1996 furiis
1427 1958 1660 2008 supradictis
1679 1957 1874 1996 associari.

533 2023 580 2061 xi.
615 2023 695 2061 Hic
743 2023 839 2061 dicit
886 2023 1108 2061 secundum
1156 2024 1349 2061 visionem
1397 2024 1568 2073 sompnii
1620 2023 1785 2072 qualiter
1831 2021 1983 2060 audiuit

597 2087 760 2125 nomina
790 2093 828 2124 et
858 2098 995 2125 eorum
1024 2099 1141 2125 voces
1171 2088 1346 2126 diuersas
1376 2095 1414 2126 et
1443 2088 1660 2126 horribiles.
1721 2087 1828 2124 Dicit
1856 2087 1982 2125 eciam

595 2152 646 2190 de
677 2151 858 2189 Iohanne
889 2151 999 2189 Balle
1029 2151 1257 2201 presbitero,
1290 2153 1357 2202 qui
1387 2165 1455 2191 eos
1484 2152 1535 2190 ad
1569 2163 1689 2190 omne
1722 2151 1849 2189 scelus
1879 2152 1984 2190 insti-

595 2214 723 2265 gabat,
747 2221 784 2253 et
805 2216 917 2264 quasi
938 2216 1131 2265 propheta
1152 2217 1253 2255 inter
1272 2229 1340 2255 eos
1361 2216 1625 2266 reputabatur.

533 2281 596 2319 xii.
629 2281 710 2318 Hic
737 2280 832 2318 dicit
861 2281 1082 2318 secundum
1112 2281 1305 2319 visionem
1335 2282 1506 2331 sompnii
1535 2281 1701 2330 qualiter
1726 2281 1824 2319 furie
1853 2293 1983 2330 supra-

597 2345 702 2384 dicte
736 2357 928 2395 precones
960 2345 1035 2383 sibi
1069 2351 1107 2383 et
1142 2345 1322 2384 tribunos
1359 2345 1665 2392 constituebant,
1699 2352 1737 2384 et
1775 2346 1980 2395 quomodo

597 2421 710 2449 senes
731 2416 769 2448 et
790 2410 954 2448 iuuenes
976 2421 1113 2448 eorum
1134 2410 1290 2448 fuerunt
1310 2411 1459 2448 armati.

535 2475 612 2514 xiii.
643 2475 724 2513 Hic
753 2475 848 2513 dicit
878 2475 1098 2513 secundum
1127 2475 1319 2513 visionem
1350 2475 1522 2524 sompnii
1551 2475 1717 2524 qualiter
1750 2482 1789 2514 et
1818 2474 1980 2525 quando

597 2540 703 2578 dicte
723 2539 832 2586 furie,
855 2539 1066 2589 instigante
1082 2539 1254 2587 diabolo,
1272 2541 1429 2578 Nouam
1450 2540 1623 2587 Troiam,
1646 2540 1686 2578 id
1702 2546 1761 2578 est
1781 2540 1982 2578 ciuitatem

599 2605 908 2651 Londoniarum,
932 2605 1104 2654 ingresse
1123 2611 1238 2644 sunt:
1277 2617 1369 2643 nam
1397 2605 1496 2642 sicut
1520 2605 1640 2643 Troia
1664 2618 1789 2654 nuper
1808 2604 1983 2643 desolata

599 2669 734 2716 extitit,
777 2669 829 2707 ita
867 2669 940 2707 ista
979 2669 1129 2708 Ciuitas
1177 2675 1346 2718 protunc
1393 2670 1505 2719 quasi
1552 2671 1662 2709 omni
1709 2669 1981 2708 consolatione

598 2734 785 2773 destituta
805 2745 873 2783 pre
894 2734 1030 2772 dolore
1050 2735 1206 2783 penitus
1227 2733 1490 2783 ignominiosa
1510 2734 1735 2783 permansit.

579 2831 621 2862 vi.
641 2842 661 2870 4
685 2831 933 2862 comitabantur
950 2831 977 2862 E
1022 2831 1272 2863 comitebantur
1288 2831 1375 2862 SCG
1421 2831 1724 2863 committebantur
1741 2831 1771 2862 D

581 2883 637 2914 vii.
653 2893 673 2923 3
698 2884 956 2915 associabantur
973 2883 1001 2914 E
1134 2883 1179 2915 ix.
1200 2893 1219 2923 3
1244 2882 1340 2923 Geay
1361 2883 1389 2913 D
1436 2884 1495 2923 Iay
1515 2883 1541 2914 E
