2095 3173
681 212 870 252 LIBER
910 211 1196 262 QUINTUS
1594 224 1674 262 223

314 319 438 359 Cuius
468 319 508 356 in
538 318 699 357 arbitrio
728 319 824 357 dant
853 331 923 356 sua
951 319 1054 356 facta
1084 317 1229 356 modo:

315 384 496 423 Fabricat
525 384 598 422 ista
627 384 777 433 ciphos,
808 390 1013 433 argentum
1043 389 1181 432 purgat
1212 390 1249 421 et
1278 394 1428 428 aurum,

315 450 383 488 Set
411 450 515 498 capit
544 462 591 487 ex
620 462 718 498 puro
748 449 882 498 purius
912 449 996 498 ipsa
1024 455 1121 496 tuo3
1611 458 1676 494 790

316 515 489 553 Conficit
518 527 565 552 ex
594 515 700 552 vitris
729 526 905 563 gemmas
935 514 1052 552 oculo
1081 514 1289 562 preciosas,

315 580 476 618 Nomen
506 586 544 617 et
573 579 684 617 addit
713 579 780 625 eis,
811 579 917 616 fallat
946 585 985 616 vt
1015 579 1108 616 inde
1136 579 1271 628 magis.

317 644 357 683 Si
387 644 484 694 quid
514 644 637 682 habes
667 644 800 693 panni,
833 644 884 681 de
914 656 994 693 quo
1024 643 1094 681 tibi
1125 644 1181 681 vis
1210 644 1293 681 fore
1324 649 1485 688 vestem,

318 710 440 747 Fraus
468 709 540 747 tibi
570 709 713 747 scindit
743 721 842 757 eam,
873 721 961 758 pars
992 715 1125 747 manet
1154 722 1230 746 vna
1259 707 1357 755 sibi3

318 775 515 823 Quamuis
545 774 599 811 nil
630 775 678 812 sit
708 786 808 823 opus
837 774 955 812 vestis
985 787 1250 824 mensuraque
1279 774 1386 821 fallit,

318 841 412 878 Plus
442 841 547 889 capit
576 852 623 878 ex
652 852 771 889 opere
800 853 919 889 quam
949 841 1051 878 valet
1080 853 1200 878 omne
1228 838 1310 878 tibi.

317 906 386 944 Set
415 906 512 955 quid
541 906 748 955 pellicibus
778 905 888 952 albis,
920 905 1050 955 nigris,
1082 918 1242 955 quoque
1270 905 1381 954 grisis

319 972 493 1009 Dicam?
531 970 727 1020 numquid
758 971 813 1008 eis
844 972 965 1008 Fraus
996 971 1103 1008 iuuat
1133 971 1216 1020 ipsa
1245 970 1381 1019 prius?

319 1037 441 1074 Fraus
471 1036 596 1085 prima
626 1036 726 1073 facie
755 1036 871 1073 trahit
900 1036 940 1072 in
970 1035 1133 1085 longum
1163 1035 1255 1072 satis
1285 1041 1388 1083 apte,

320 1101 442 1150 Quod
471 1101 588 1139 trahit
617 1101 693 1139 hoc
722 1101 853 1148 hodie,
885 1113 969 1138 cras
998 1107 1103 1138 caret
1134 1101 1226 1138 inde
1256 1100 1384 1149 pede:
1615 1105 1681 1135 800

320 1168 443 1204 Fraus
473 1178 633 1215 quoque
663 1164 808 1204 debilia
837 1166 1014 1204 vendens
1043 1178 1131 1203 care
1161 1166 1251 1202 facit
1280 1177 1398 1212 arma,

322 1232 557 1271 Contractos
587 1237 625 1269 et
655 1243 779 1280 equos
810 1231 930 1268 Fraus
960 1231 1052 1268 facit
1080 1231 1316 1280 armigeros:

322 1298 489 1334 Fluxum
518 1296 684 1334 candele
714 1296 834 1333 Fraus
865 1296 916 1333 de
944 1296 1185 1345 pinguedine
1215 1295 1317 1333 facte

323 1363 529 1408 Prouocat‚
561 1361 653 1398 hinc
683 1361 809 1398 fluxus
839 1361 887 1398 sit
917 1360 991 1398 sibi
1021 1367 1257 1410 perpetuus:

321 1428 444 1465 Fraus
472 1427 598 1464 eciam
628 1426 752 1473 sellas,
785 1438 919 1464 ocreas
950 1426 1041 1463 facit
1071 1432 1110 1464 et
1140 1426 1360 1473 sotulares3

322 1492 497 1531 Omnem
527 1504 634 1528 nunc
663 1498 785 1529 artem
817 1492 937 1528 Fraus
968 1491 1060 1528 facit
1089 1503 1175 1528 esse
1205 1503 1330 1528 suam.

376 1558 498 1594 Fraus
528 1556 674 1594 etenim
704 1568 841 1594 carnes
871 1556 1020 1605 populo
1049 1556 1196 1603 vendit,
1229 1567 1390 1604 quoque
1420 1555 1560 1604 pisces,

323 1621 525 1661 Condolet
553 1621 646 1658 hinc
674 1627 810 1670 gustus
840 1621 936 1658 dum
967 1620 1066 1669 sapit
1096 1620 1190 1658 inde
1219 1620 1349 1669 prius:

325 1687 447 1724 Fraus
476 1686 568 1724 facit
598 1686 650 1724 ob
681 1698 803 1735 panes
832 1686 998 1735 pistores
1029 1686 1220 1723 scandere
1248 1685 1381 1732 elatas,

325 1753 451 1790 Furca
479 1758 613 1789 tamen
643 1752 736 1789 furis
766 1751 902 1789 iustior
930 1758 1033 1789 esset
1059 1751 1138 1790 eis:
1623 1756 1688 1786 810

326 1817 505 1856 Ceruisie
535 1816 697 1853 domina
727 1817 848 1853 Fraus
877 1822 946 1862 est,
978 1822 1147 1853 testante
1175 1816 1325 1865 lagena,

327 1883 419 1930 Qua
446 1881 510 1918 vix
539 1893 607 1930 per
634 1881 775 1918 seriem
805 1881 877 1918 scit
906 1881 1074 1918 Thethis
1104 1892 1190 1918 esse
1221 1881 1388 1919 Cerem:

328 1947 449 1984 Fraus
479 1958 599 1983 cocus
630 1952 668 1983 et
698 1952 811 1983 cocta
840 1945 1046 1994 componit
1076 1952 1115 1983 et
1144 1945 1300 1987 ordinat
1326 1957 1425 1991 assa,

330 2013 459 2061 Inque
487 2010 598 2048 cibos
628 2011 769 2048 horum
798 2017 995 2048 conuocat
1024 2011 1108 2060 ipsa
1137 2011 1292 2049 forum:

329 2077 383 2114 Vt
412 2076 502 2115 furit
531 2075 683 2125 absque
713 2076 836 2114 modo
865 2076 1014 2113 clamor
1043 2082 1271 2113 constanter
1299 2075 1443 2122 abisso,

330 2142 394 2179 Sic
424 2142 545 2178 Fraus
574 2152 662 2178 assa
691 2139 765 2178 sibi
796 2141 939 2178 clamat
969 2141 1008 2178 in
1038 2152 1130 2178 aure
1159 2141 1244 2178 fori.

334 2208 497 2256 Hospes
528 2206 567 2243 in
597 2206 784 2255 hospiciis
815 2207 936 2244 Fraus
965 2206 1112 2255 gaudet
1141 2206 1192 2244 de
1221 2205 1446 2255 peregrinis,

332 2272 399 2309 Set
429 2271 657 2320 peregrinus
686 2283 773 2309 eam
803 2271 952 2320 plangit
981 2271 1127 2309 habere
1156 2272 1327 2309 malam:

332 2336 519 2385 Sincopat
548 2336 588 2373 in
618 2336 766 2383 modio,
798 2336 994 2374 decaudat
1023 2337 1127 2373 fraus
1157 2335 1377 2373 minuendo

333 2402 440 2438 Fena
469 2413 538 2450 per
565 2413 781 2450 apocapen,
813 2402 920 2439 lucra
949 2401 1120 2439 colendo
1151 2407 1295 2438 tamen.
1624 2406 1690 2437 820

387 2466 497 2503 Dum
525 2472 633 2504 curat
662 2467 837 2514 minima,
869 2467 992 2504 Fraus
1020 2466 1151 2515 pullos
1180 2465 1316 2503 vendit
1345 2471 1384 2503 et
1413 2477 1501 2512 oua,

333 2531 405 2568 Est
434 2531 554 2568 nichil
583 2531 704 2580 inque
732 2532 828 2578 foro,
860 2531 956 2581 quin
985 2531 1082 2580 regit
1111 2531 1195 2579 ipsa
1224 2530 1342 2569 dolo:

335 2597 456 2634 Fraus
486 2603 712 2645 procurator
740 2597 964 2635 communis
995 2597 1035 2633 in
1064 2595 1159 2634 vrbe
1188 2602 1369 2643 notatur3

337 2661 445 2697 Dum
474 2673 611 2698 causas
640 2661 776 2711 iungit,
808 2673 963 2711 semper
991 2661 1032 2699 id
1061 2673 1137 2698 vna
1166 2661 1249 2699 luit.

273 2764 336 2804 789
352 2764 416 2794 ista
434 2762 492 2794 SG
537 2763 611 2803 ipsa
627 2763 757 2794 CEHD
803 2764 876 2804 ipse
895 2764 921 2794 L
1002 2774 1065 2804 799
1082 2763 1185 2794 Stans
1203 2763 1228 2794 C
1302 2763 1366 2803 805
1384 2764 1488 2795 eciam
1505 2761 1696 2794 CEHDLT

229 2816 354 2847 etenim
373 2815 397 2846 S
525 2815 641 2856 sellas]
663 2816 766 2847 cellas
788 2816 877 2847 CEL
1004 2817 1069 2846 810
1094 2815 1194 2846 ffurta
1215 2815 1338 2846 EDLT
1462 2816 1528 2846 812
1550 2814 1695 2846 Thethis

232 2867 396 2910 (thethis)
414 2866 604 2899 SCEHGT
649 2867 771 2899 Thetis
789 2868 819 2899 D
866 2868 969 2899 tethis
987 2868 1014 2898 L
