2121 3173
158 2823 220 2861 428
244 2822 322 2862 pius
337 2821 455 2853 CHHs
502 2822 598 2861 prius
615 2822 672 2853 SG

112 2875 221 2914 ipsum
240 2874 304 2906 CH

653 213 886 254 TERCIA
928 212 1082 254 PARS

237 321 323 359 Rex
352 320 461 359 iubet
490 327 529 359 et
557 320 730 371 prompti
759 322 912 359 fuerant
940 319 1057 358 armis
1086 318 1165 358 cito
1195 319 1355 370 compti,

237 385 333 424 Eius
362 393 401 424 et
429 385 469 423 in
499 393 645 424 sortem
676 399 859 436 magnam
888 384 1058 424 tribuere
1087 386 1304 423 cohortem.

235 451 339 489 Vrbs
368 450 440 489 fuit
468 450 646 497 adiutrix,
679 464 756 501 que
788 450 907 501 Regis
936 458 1031 489 tunc
1060 449 1173 500 quasi
1201 449 1330 488 nutrix

235 517 361 554 Natos
390 516 572 563 seruauit,
603 524 642 555 et
670 529 738 554 eos
768 515 879 566 quasi
909 523 1033 554 mater
1060 515 1209 554 amauit
1224 530 1234 564 3

235 581 355 632 Regis
385 581 491 620 enim
521 594 676 621 camera
704 581 777 619 fuit
806 581 896 619 vrbs
926 582 1002 619 hoc
1032 588 1210 631 tempore
1239 594 1339 627 vera,

236 648 283 684 In
313 660 392 697 qua
419 648 593 685 confisus
622 648 792 684 multum
822 646 894 684 fuit
922 645 987 684 ille
1015 645 1197 696 gauisus:

233 711 297 750 Sic
326 711 414 762 pius
443 712 484 750 in
514 711 645 752 Cristo
674 711 862 762 pietatem
892 711 1009 750 sentit
1038 710 1079 749 in
1108 711 1194 758 isto,

234 778 328 826 Quo
357 784 604 828 preseruatur
632 785 671 816 et
700 790 864 828 regnum
893 776 1136 815 clarificatur.

232 842 422 893 Anglicus
451 856 474 881 a
503 842 680 893 sompnis
710 841 822 893 quasi
851 855 1012 893 surgens
1041 841 1098 880 vir
1125 841 1231 880 canit
1260 841 1400 888 omnis,

233 909 281 945 R.
313 907 429 955 cadit,
462 910 516 946 H.
548 916 694 958 regnat,
726 921 806 958 quo
835 921 998 958 regnum
1028 906 1172 957 gaudia
1200 914 1373 957 pregnat.

285 975 485 1024 Tempore
513 987 594 1024 quo
624 975 726 1012 facta
755 981 846 1012 sunt
876 975 950 1011 hec
981 972 1175 1011 Ricardus
1204 973 1255 1011 ad
1285 979 1371 1011 acta

232 1039 326 1076 Non
354 1038 446 1077 foris
476 1038 606 1085 exiuit,
637 1038 705 1089 qui
735 1039 897 1088 quando
925 1038 1098 1089 pericula
1126 1036 1251 1084 sciuit,

231 1105 354 1153 Quod
383 1117 466 1143 sors
495 1106 681 1143 falsorum
711 1105 911 1143 destructa
940 1103 1012 1142 fuit
1041 1102 1249 1150 sociorum,

231 1170 447 1207 Fortunam
477 1169 624 1220 spreuit
653 1177 691 1208 et
720 1183 857 1208 eorum
886 1171 1023 1208 funera
1052 1168 1170 1207 fleuit.

229 1235 345 1273 Tunc
375 1235 477 1274 bene
507 1235 677 1282 videbat,
709 1237 819 1286 quod
847 1235 883 1273 ei
911 1236 1014 1273 fraus
1044 1235 1152 1272 nulla
1180 1233 1345 1281 valebat,

229 1300 324 1348 Quo
353 1300 604 1339 contristatus
633 1300 760 1339 doluit
789 1299 901 1351 quasi
931 1306 1057 1338 morte
1085 1307 1293 1350 grauatus:

230 1365 336 1404 Ecce
364 1366 479 1404 dolor
507 1365 593 1404 talis
622 1379 716 1404 suus
745 1374 814 1412 est,
846 1366 956 1415 quod
985 1378 1075 1415 spes
1102 1364 1282 1414 aliqualis

227 1432 389 1470 Amodo
417 1431 619 1470 viuentem
648 1430 800 1481 nequiit
827 1438 1059 1469 conuertere
1087 1431 1260 1469 flentem.

228 1495 309 1545 Qui
337 1503 471 1535 tamen
499 1497 682 1535 astabant
712 1497 897 1535 custodes
927 1509 1020 1546 sepe
1049 1495 1252 1542 iuuabant,

228 1562 291 1599 Ne
319 1563 554 1612 desperaret,
587 1563 683 1600 dum
713 1561 836 1600 tristia
864 1560 1113 1600 continuaret
1128 1575 1139 1609 3

227 1627 294 1665 Set
322 1640 454 1678 neque
482 1627 692 1666 verborum
722 1626 916 1666 solamina
944 1626 1049 1678 cepit
1078 1639 1226 1673 eorum,

228 1692 337 1730 Dum
366 1692 545 1731 lacrimas
575 1691 725 1742 spersst,
756 1691 915 1730 sibimet
943 1705 1017 1731 nec
1046 1704 1181 1730 amore
1210 1691 1408 1742 pepercit:

226 1756 290 1794 Sic
319 1770 361 1795 se
390 1756 600 1804 consumit,
632 1758 742 1806 quod
771 1756 834 1794 vix
863 1756 895 1794 si
924 1756 1089 1806 prandia
1118 1756 1247 1802 sumit,

227 1823 309 1860 Aut
339 1822 370 1860 si
400 1829 541 1872 sponte
570 1821 671 1860 bibit
699 1821 846 1868 vinum,
878 1835 959 1871 quo
987 1821 1120 1859 viuere
1148 1821 1276 1871 quibit
1291 1836 1301 1870 3

226 1888 391 1937 Semper
418 1886 524 1925 enim
553 1888 691 1937 plorat,
723 1900 877 1937 semper
905 1888 956 1925 de
986 1894 1089 1925 sorte
1118 1887 1280 1933 laborat,

227 1953 319 2001 Qua
347 1951 463 1998 cadit,
495 1960 534 1990 et
563 1953 660 1990 tales
688 1959 881 1990 memorat
910 1951 1071 2002 periisse
1099 1953 1280 1991 sodales:

227 2018 360 2055 Solam
389 2016 569 2067 deposcit
598 2024 778 2064 mortem,
809 2030 860 2055 ne
889 2017 1020 2056 viuere
1048 2016 1173 2067 possit

226 2081 420 2132 Amplius,
452 2089 510 2120 est
539 2089 577 2120 et
606 2081 659 2120 ita
688 2081 859 2120 moriens
889 2095 960 2120 sua
987 2096 1136 2133 pompa
1165 2082 1302 2133 sopita.

225 2147 369 2198 Anglia
396 2147 604 2197 gaudebat,
636 2147 729 2198 quia
757 2161 875 2198 quem
906 2148 1018 2198 plebs
1047 2149 1135 2198 plus
1165 2148 1367 2187 metuebat

225 2212 376 2252 Cristus
405 2212 562 2259 deleuit,
594 2226 675 2262 quo
703 2212 825 2251 libera
853 2221 953 2251 terra
981 2213 1155 2264 quieuit:

225 2280 292 2316 Set
320 2277 467 2328 probus
498 2277 708 2324 Henricus,
739 2278 894 2328 pietatis
924 2292 1079 2329 semper
1106 2278 1268 2326 amicus,

224 2343 289 2381 Ad
319 2342 437 2382 Cristi
465 2343 615 2381 cultum
645 2356 787 2393 corpus
816 2343 927 2382 dedit
955 2357 1041 2382 esse
1070 2346 1269 2394 sepultum

223 2407 441 2457 Sollempni
469 2421 589 2455 more,
619 2408 801 2458 quamuis
829 2408 914 2447 sine
942 2408 1069 2447 laudis
1097 2410 1259 2448 honore.

224 2474 397 2523 Langele
425 2479 587 2511 testatur
615 2475 725 2523 quod
753 2473 807 2511 ibi
838 2473 1032 2512 Ricardus
1061 2475 1246 2512 humatur
1260 2489 1271 2522 ‚·

224 2539 316 2588 Ipse
344 2539 434 2576 loco
462 2537 529 2575 tali
558 2538 680 2588 magis
709 2538 895 2577 omnibus
924 2539 964 2577 in
994 2539 1152 2589 speciali

223 2605 378 2653 Corpus
408 2602 583 2650 donauit,
614 2605 723 2653 quod
752 2605 926 2643 mundus
956 2605 1101 2642 habere
1131 2604 1299 2654 negauit.

223 2668 286 2707 Sic
314 2668 422 2706 bona
449 2680 600 2718 proque
629 2667 740 2707 malis
770 2671 824 2707 H.
857 2669 961 2707 mitis
990 2677 1029 2707 et
1057 2669 1267 2719 imperialis

838 2833 899 2863 431
926 2829 1088 2864 pregnant
1107 2825 1133 2855 C

439 2874 503 2914 438
527 2884 608 2906 suus
624 2873 740 2906 CHHs
785 2876 855 2907 suis
872 2876 931 2908 SG

1479 857 1544 888 430

1477 1513 1542 1542 440

1468 2166 1534 2197 450

1306 2827 1369 2865 436
1394 2827 1527 2868 mmgin
1543 2838 1581 2859 se

1620 227 1698 266 341

1621 326 1703 357 ioris
1714 325 1964 358 Londoniarum
1974 337 2032 367 pro

1619 370 1802 400 securitate
1847 373 2032 402 seeundum

1620 419 1754 454 tempus
1779 414 1940 446 fidissime
1963 425 2034 446 ser-

1622 457 1801 490 uabantur.

1660 1043 1816 1084 Qualiter
1855 1044 2031 1085 Ricardus‚

1615 1099 1693 1119 cum
1706 1089 1779 1128 ipse
1793 1099 1882 1119 noua
1893 1090 1935 1120 dc
1946 1100 2033 1119 mor-

1617 1138 1652 1163 te
1687 1133 1821 1163 illorum
1855 1133 1911 1171 qui
1942 1134 2031 1171 apud

1616 1176 1849 1213 Circestriam,
1881 1182 1917 1207 vt
1955 1187 2031 1216 pre-

1616 1220 1743 1251 dictum
1755 1225 1818 1258 est,
1829 1220 2031 1251 interierunt

1616 1265 1780 1303 audisset,
1793 1264 1944 1303 seipsum
1962 1274 2031 1295 om-

1618 1309 1651 1338 ni
1675 1308 1750 1338 cibo
1775 1308 2031 1338 renunciantem

1616 1362 1678 1391 pre
1713 1351 1838 1382 doloris
1873 1353 2030 1391 angustiat

1616 1395 1818 1427 morientem
1836 1394 1992 1427 extinxit.
