2095 3173
413 235 493 274 312
881 223 1011 264 VOX
1053 223 1412 264 CLAMANTIS

522 329 561 369 Si
591 330 782 380 quociens
811 330 993 368 homines
1022 335 1199 378 peccant,
1230 335 1298 366 tua
1326 329 1492 367 fulmina
1520 330 1661 377 mittas,

522 396 675 445 Exiguo
703 407 864 445 presens
893 402 1071 443 tempore
1099 395 1274 432 mundus
1303 393 1399 433 erit:

521 461 558 498 A
587 468 626 499 te
655 460 896 510 pendentem
927 459 982 497 sic
1011 472 1103 497 cum
1132 458 1404 509 circumspicis
1434 458 1584 508 orbern,

523 527 683 572 Auctor,
715 525 926 574 pacificum
956 525 1016 562 fac
1045 538 1146 574 opus
1176 538 1262 563 esse
1291 532 1417 563 tuum.

524 593 620 638 Nos,
652 591 751 629 deus
779 591 894 638 alme,
925 590 982 628 tui
1011 590 1124 638 serui,
1155 592 1337 641 quamuis
1366 592 1489 630 modo
1517 592 1630 640 tardi,

523 658 594 704 Te,
626 669 709 694 non
737 657 946 704 fortunam,
978 656 1175 695 credimus
1205 670 1291 696 esse
1321 658 1467 696 deum:
1801 673 1885 705 1440

523 723 678 761 Scimus
707 728 746 760 te
776 722 904 760 solum
934 735 1051 772 super
1079 735 1218 761 omnes
1249 735 1334 761 esse
1363 723 1604 772 colendum3

523 786 587 826 Sic
617 786 739 826 nostri
769 788 876 826 solus
905 795 947 825 tu
977 788 1172 835 miserere,
1204 789 1329 826 deus!

464 925 542 960 Hic
572 925 755 969 loquitur
785 926 964 970 qualiter
993 936 1043 961 ea
1076 936 1153 970 que
1187 926 1231 959 in
1264 926 1345 961 hoc
1380 927 1565 970 presenti
1597 926 1737 962 libello
1768 928 1887 970 quasi

416 985 696 1029 sompniando
725 985 777 1019 de
806 985 949 1018 mundi
975 985 1147 1030 scripsit
1178 985 1399 1026 erroribus,
1429 995 1516 1020 non
1551 996 1603 1020 ex
1636 996 1682 1020 se
1709 987 1888 1027 tantum,

414 1045 479 1079 set
536 1054 588 1078 ex
639 1044 772 1088 plebis
823 1054 929 1078 voce
983 1043 1190 1078 communi
1247 1044 1450 1088 concepit.
1501 1043 1690 1078 Consulit
1746 1045 1888 1079 tamen

411 1103 596 1138 finaliter
625 1102 746 1146 quod,
773 1102 811 1136 si
838 1102 931 1145 quis
961 1102 1057 1136 inde
1090 1112 1136 1137 se
1170 1102 1417 1146 culpabilem
1445 1103 1621 1144 senciat,
1650 1103 1889 1147 priusquam

411 1162 535 1196 nobis
553 1161 698 1205 peiora
716 1161 945 1195 succedant
969 1163 1172 1206 tempora,
1191 1171 1310 1196 suam
1336 1171 1388 1196 ex
1412 1161 1557 1195 humili
1582 1162 1704 1196 corde
1727 1163 1889 1206 culpam

413 1220 606 1264 penitens
631 1219 832 1254 emendet.
1208 1213 1219 1220 ”

268 1303 397 1352 Capm.
420 1314 504 1339 xxv.
590 1302 681 1339 Hos
709 1313 783 1351 ego
811 1300 994 1350 compegi
1022 1313 1170 1349 versus,
1198 1313 1298 1350 quos
1327 1300 1481 1338 fuderat
1509 1301 1549 1338 in
1579 1314 1644 1340 me

527 1367 692 1416 Spiritus
722 1367 762 1404 in
792 1367 993 1416 sompnis:
1034 1379 1113 1405 nox
1141 1374 1222 1405 erat
1252 1367 1317 1404 illa
1345 1365 1484 1416 grauis.

529 1433 621 1471 Hec
651 1439 708 1470 set
737 1438 777 1470 vt
807 1440 944 1470 auctor
973 1444 1046 1482 ego
1076 1445 1157 1470 non
1187 1431 1324 1481 scripsi
1354 1438 1479 1470 metra
1506 1431 1652 1480 libello,

530 1499 620 1546 Que
649 1505 784 1536 tamen
811 1496 947 1536 audiui
976 1498 1089 1536 trado
1118 1498 1286 1547 legenda
1314 1497 1413 1538 tibi:

530 1564 624 1601 Non
653 1570 784 1601 tumor
812 1575 859 1601 ex
888 1563 1016 1612 eapite
1045 1564 1204 1612 proprio
1233 1575 1297 1601 me
1326 1563 1496 1603 scribere
1525 1564 1617 1603 fecit

531 1629 623 1675 Ista,
656 1635 714 1666 set
743 1635 783 1666 vt
812 1640 929 1666 voces
958 1627 1085 1677 plebis
1115 1627 1156 1665 in
1184 1641 1277 1667 aure
1307 1629 1467 1668 dabant.

531 1694 663 1741 Quem
694 1705 764 1731 sua
793 1705 905 1730 mens
935 1693 1101 1739 mordet,
1133 1692 1185 1731 de
1215 1706 1311 1733 voce
1341 1695 1388 1732 sit
1417 1694 1482 1733 ille
1511 1707 1717 1743 remorsus,

531 1758 652 1797 Curet
683 1765 722 1796 vt
750 1757 791 1795 in
816 1757 956 1796 melius
986 1770 1064 1807 que
1094 1758 1181 1796 tulit
1211 1771 1301 1808 egra
1329 1759 1459 1809 prius:
1808 1776 1894 1807 1450

533 1822 613 1872 Qui
643 1830 778 1862 tamen
806 1822 1012 1861 inmunem
1043 1836 1085 1862 se
1114 1823 1243 1872 sentit,
1275 1825 1326 1863 ab
1356 1826 1449 1864 inde
1479 1825 1635 1876 quietus

532 1890 735 1935 Transeat,
768 1896 806 1927 et
834 1888 982 1927 meritis
1012 1888 1067 1927 sic
1097 1896 1172 1928 stet
1200 1896 1363 1940 vterque
1392 1890 1482 1930 suis.

534 1955 666 2003 Quem
697 1967 778 1993 non
807 1955 925 2004 culpa
952 1961 1087 2004 grauat
1115 1967 1205 1994 mea
1234 1969 1317 1994 non
1345 1956 1547 1996 sentencia
1576 1958 1719 2007 culpat,

536 2019 730 2057 Leditur
758 2019 866 2056 hinc
896 2020 1065 2066 nullus,
1097 2019 1146 2058 sit
1175 2019 1251 2058 nisi
1279 2021 1378 2060 forte
1406 2034 1518 2061 reus:

536 2084 604 2122 Ne
632 2090 794 2133 grauet
823 2096 930 2133 ergo
959 2083 1057 2131 tibi,
1088 2084 1279 2134 gibbosus
1309 2099 1482 2136 namque
1510 2086 1655 2136 panelli

535 2149 587 2186 Et
616 2160 697 2186 non
728 2160 845 2186 sanus
875 2161 973 2197 equs
1002 2148 1100 2187 ferre
1129 2157 1283 2187 recusat
1312 2163 1424 2189 onus.

536 2214 631 2252 Non
658 2219 793 2251 tamen
823 2214 864 2250 in
892 2214 1023 2262 specie
1053 2226 1295 2264 quemquam
1326 2216 1377 2254 de
1405 2216 1583 2266 pondere
1612 2218 1727 2267 culpe

536 2281 704 2326 Accuso,
736 2284 795 2317 set
824 2291 872 2317 eo
902 2291 944 2317 se
972 2278 1113 2328 probet
1141 2280 1246 2318 intus
1276 2281 1421 2319 homo:

538 2345 633 2382 Non
661 2356 734 2393 ego
763 2343 940 2382 mordaci
969 2344 1147 2382 distrinxi
1177 2345 1341 2383 crimine
1370 2359 1624 2396 quemquam,

537 2411 624 2448 Nec
653 2422 764 2448 meus
793 2409 907 2447 vllius
936 2408 1101 2447 crimina
1129 2422 1262 2448 versus
1291 2410 1422 2449 habet.
1814 2420 1897 2459 1460

539 2475 630 2523 Que
659 2487 830 2524 sompno
858 2473 957 2524 cepi,
987 2473 1150 2524 vigilans
1180 2488 1269 2513 mea
1297 2477 1439 2525 scripta
1468 2478 1610 2527 peregi,

540 2541 625 2579 Sint
654 2540 762 2579 bona
790 2541 897 2579 dicta
925 2540 1052 2588 bonis,
1084 2547 1122 2579 et
1151 2541 1255 2578 mala
1283 2541 1421 2590 linquo
1450 2543 1588 2582 malis:

540 2605 682 2645 Omnis
711 2605 818 2644 enirn
848 2607 1044 2644 mundum
1073 2605 1193 2656 gemit
1222 2618 1307 2644 esse
1336 2606 1401 2645 dei
1430 2607 1642 2646 laceratum

539 2670 728 2709 Vindicta
755 2671 878 2710 nostri
907 2684 977 2721 pro
1005 2668 1195 2721 grauitate
1224 2672 1326 2709 mali.

542 2737 646 2786 Ergo
676 2749 787 2774 suam
816 2738 974 2786 culpam
1004 2736 1172 2776 contrito
1201 2737 1331 2784 corde,
1362 2736 1591 2788 priusquam

479 2842 559 2873 1451
596 2833 758 2864 inmunen
786 2834 810 2866 S
961 2844 1043 2874 1454
1085 2835 1165 2866 Text
1187 2834 1307 2866 SCEG
1372 2835 1429 2867 Sic
1457 2846 1579 2875 precor
1604 2841 1640 2868 vt
1667 2836 1778 2869 nullus
1806 2837 1899 2868 DLT

438 2894 521 2926 1455
550 2884 629 2916 Text
644 2884 762 2917 SCEG
809 2886 976 2918 Detrahet
991 2887 1072 2918 inde
1089 2886 1189 2918 michi
1208 2886 1270 2917 DL
1316 2887 1362 2918 Se
1379 2888 1482 2919 trahit
1499 2888 1578 2919 inde
1595 2888 1694 2920 michi
1710 2889 1739 2920 T
