2912 4368
1621 839 1750 880 VOX
1793 837 2149 879 CLAMANTIS

1259 947 1310 984 Vt
1340 946 1499 985 seruiret
1530 945 1564 984 ei
1596 947 1752 992 factura,
1786 957 1983 993 suumque
2013 944 2183 981 vicissim

1258 1014 1463 1050 Factorem
1494 1013 1622 1049 solum
1653 1018 1961 1059 consequeretur
1992 1010 2125 1046 homo.

1256 1078 1372 1126 Erige
1402 1077 1570 1114 sublime
1600 1083 1717 1124 caput
1747 1083 1783 1113 et
1814 1073 2071 1123 circumspice
2102 1073 2306 1118 mundum,

1258 1143 1410 1191 Collige
1440 1148 1594 1185 cuncta,
1626 1154 1694 1179 sue
1724 1141 1818 1178 dant
1849 1139 1919 1177 tibi
1950 1152 2107 1189 queque
2137 1151 2299 1175 manus:

1258 1207 1404 1245 Omnia
1433 1207 1609 1244 subiecta
1639 1206 1708 1243 tibi
1740 1214 1841 1252 sunt,
1874 1205 1944 1243 tibi
1975 1212 2117 1242 cuncta
2148 1204 2379 1247 ministrant,

1257 1272 1403 1310 Omnia
1433 1273 1673 1321 respondent
1703 1271 2020 1320 obsequiumque
2049 1277 2197 1319 parant.

1258 1338 1339 1386 Qui
1368 1337 1438 1375 tibi
1468 1344 1576 1375 tanta
1605 1336 1701 1383 tulit,
1735 1337 1801 1386 qui
1833 1349 1901 1384 pro
1932 1343 1970 1373 te
2000 1342 2107 1373 tanta
2138 1335 2295 1383 peregit,

1258 1403 1338 1450 Qui
1368 1415 1438 1451 pro
1468 1410 1506 1440 te
1535 1402 1729 1439 mundum
1761 1402 1870 1439 duxit
1899 1401 1950 1438 ad
1980 1413 2064 1438 esse
2096 1413 2220 1445 suum,

1259 1466 1339 1515 Qui
1369 1468 1478 1505 dedit
1508 1480 1554 1505 ex
1585 1466 1731 1504 nichilo
1762 1473 1957 1503 tantarum
1988 1465 2137 1503 semina
2168 1478 2307 1505 rerum,

1258 1533 1561 1581 Confusumque
1591 1533 1711 1569 chaos
1741 1531 1879 1569 ordine
1910 1539 2011 1568 stare
2042 1543 2124 1576 suo,

1258 1602 1390 1637 Sortes
1420 1598 1659 1636 distribuens
1689 1610 1757 1646 per
1786 1604 1913 1645 partes
1944 1604 2111 1645 quatuor
2141 1608 2273 1644 equas,

1260 1665 1385 1702 Iratos
1415 1672 1545 1701 motus
1576 1670 1767 1712 temperat
1796 1670 1877 1700 arte
1905 1674 1998 1699 sua:

1259 1729 1393 1767 Sidere
1424 1730 1641 1778 depingens
1672 1729 1812 1773 celum,
1845 1736 2077 1776 septemque
2107 1727 2295 1776 planetas,

1262 1795 1313 1832 Et
1343 1796 1373 1832 si
1404 1793 1587 1840 nitantur,
1618 1794 1669 1831 ad
1700 1806 1768 1830 sua
1799 1800 1944 1841 puncta
1973 1806 2131 1839 vocans,

1258 1861 1423 1910 Signifer
1453 1873 1613 1898 accessu
1644 1860 1735 1897 solis
1766 1858 1885 1908 signis
1916 1857 2113 1895 duodenis

1258 1926 1458 1974 Tempora
1487 1938 1555 1974 per
1585 1924 1751 1963 totidem
1782 1925 1849 1962 dat
1878 1923 2024 1961 variare
2054 1923 2169 1961 vices.

1314 1990 1393 2039 Qui
1423 1998 1550 2028 toturn
1581 1990 1785 2035 mundum,
1819 1997 2029 2038 postquam
2059 1989 2286 2027 decreuerat
2317 1987 2436 2033 illum,

1260 2056 1427 2095 Ornauit
1456 2055 1562 2093 vario
1593 2054 1879 2103 multiplicique
1910 2054 2029 2100 bono,

1261 2122 1359 2159 Esse
1389 2123 1487 2159 feras
1518 2121 1635 2166 siluis,
1668 2120 1707 2157 in
1739 2119 1939 2157 montibus
1970 2132 2055 2156 esse
2086 2119 2232 2165 leones,

1261 2189 1308 2225 In
1339 2186 1464 2236 planis
1495 2186 1679 2235 pecudes,
1713 2184 1873 2234 rupibus
1904 2197 1989 2222 esse
2019 2196 2166 2232 capras.

1261 2254 1399 2290 Pluma
1428 2251 1522 2301 tegit
1552 2252 1728 2289 volucres
1757 2259 1794 2288 et
1824 2263 1919 2287 oues
1951 2262 2019 2286 sua
2050 2250 2137 2286 lana
2167 2249 2336 2294 decorat,

1263 2319 1390 2367 Inque
1417 2325 1505 2355 tuos
1535 2330 1625 2354 vsus
1655 2325 1713 2355 est
1743 2324 1875 2353 tamen
1906 2316 1980 2352 boc
2011 2314 2119 2363 quod
2150 2314 2310 2350 liabent.

1260 2382 1430 2431 Respice
1460 2381 1619 2420 delicias
1651 2382 1799 2425 mundi,
1833 2393 1930 2429 (tuas
1961 2378 2123 2416 flumina
2155 2380 2278 2425 dotes,

1261 2449 1372 2496 Quas
1402 2447 1471 2485 tibi
1502 2448 1624 2484 donat
1654 2459 1748 2495 opes
1779 2446 1911 2482 diuitis
1941 2445 2045 2482 vnda
2076 2445 2217 2490 maris3

1261 2513 1561 2561 Arboribusque
1591 2511 1682 2558 sitis,
1715 2511 1858 2557 herbis,
1892 2510 2088 2548 radicibus
2120 2517 2239 2556 ortos,

1262 2578 1443 2617 Floribus
1473 2586 1511 2616 et
1541 2577 1642 2615 foliis
1673 2576 1958 2625 fructiferisque
1988 2576 2120 2613 bonis.

1263 2647 1335 2683 Pre
1364 2645 1515 2682 cunctis
1546 2644 1691 2681 recolat
1720 2650 1786 2680 tua
1816 2655 1937 2688 mens,
1972 2654 2092 2691 quem
2123 2649 2160 2679 te
2190 2652 2350 2690 quoque
2380 2639 2481 2686 fecit,

1263 2711 1314 2747 Et
1344 2711 1394 2748 de
1424 2722 1542 2758 quam
1574 2708 1720 2745 nichilo
1751 2706 1861 2745 traxit
1891 2708 1942 2745 ad
1973 2719 2057 2744 esse
2088 2706 2265 2753 bonum3

1263 2776 1366 2813 Nam
1396 2781 1486 2812 tuus
1516 2773 1617 2810 illius
1648 2780 1704 2810 est
1735 2773 1902 2821 spiritus,
1936 2779 1973 2810 et
2004 2779 2092 2809 tuus
2123 2770 2205 2809 eius

1263 2841 1334 2878 Est
1364 2852 1512 2885 sensus,
1545 2837 1648 2875 racio
1679 2839 1728 2875 de
1758 2838 1915 2875 racione
1945 2850 2024 2874 sua.

1316 2906 1375 2943 Te
1405 2912 1521 2953 caput
1551 2916 1635 2941 esse
1665 2902 1774 2940 dedit
1805 2915 1942 2948 rerum,
1977 2902 2172 2950 rebusque
2203 2902 2338 2939 locatis

1264 2970 1438 3008 Nomina
1468 2978 1505 3007 te
1534 2967 1685 3005 cunctis
1716 2980 1872 3017 queque
1901 2980 2041 3004 vocare
2071 2967 2205 3004 dedit:

1262 3035 1343 3084 Qui
1374 3034 1444 3073 tibi
1474 3047 1583 3083 spem
1615 3032 1732 3082 prolis
1763 3032 1871 3070 dedit
1902 3033 1939 3068 in
1972 3032 2143 3069 mulieris
2173 3044 2316 3077 amore,

1264 3102 1583 3148 Consortemque
1613 3112 1745 3148 parem
1776 3096 2026 3146 coniugiique
2058 3097 2188 3134 fidem.

1263 3168 1323 3204 Te
1353 3166 1425 3204 sibi
1456 3178 1557 3215 pene
1587 3177 1719 3213 parem
1750 3164 1850 3209 fecit,
1884 3170 1921 3200 te
1950 3175 2051 3211 pene
2081 3163 2313 3209 secundum,

1266 3233 1407 3269 Dicere
1438 3232 1468 3269 si
1499 3243 1667 3280 possem,
1700 3228 1864 3278 prestitit
1894 3240 1979 3265 esse
2009 3228 2154 3265 deum:

1266 3296 1445 3335 Contulit
1475 3297 1513 3333 in
1543 3296 1671 3334 celum
1703 3307 1799 3332 sese.
1829 3292 1899 3331 tibi
1930 3292 2088 3330 tradidit
2119 3293 2267 3340 orbem,

1267 3363 1317 3398 Et
1348 3361 1485 3399 mundi
1516 3368 1646 3398 tecum
1677 3358 1897 3409 diiiiidiauit
1927 3371 2033 3407 opes.

1266 3427 1407 3465 Celum
1437 3427 1518 3463 sole
1547 3425 1629 3471 tibi,
1662 3426 1718 3463 sol
1749 3423 1896 3462 lumine
1926 3424 2054 3469 seruit,
2086 3432 2123 3461 et
2153 3436 2217 3461 aer

1419 3512 1482 3541 599
1507 3500 1595 3541 sitis]
1615 3502 1696 3531 satis
1716 3501 1744 3530 D
1879 3501 1939 3529 611
1967 3498 2120 3540 tradidit]
2141 3498 2281 3529 contulit
2300 3498 2355 3529 CE

2555 1278 2619 1312 5⁸51>

2559 3233 2622 3264 610
