2095 3173
12 1046 15 1053 7
10 875 16 1035 f<--s⁷22„-
4 593 15 854 „2⁹„r42A——4-*3-
6 337 13 584 2†m‡.<„m-„.-.n
7 309 10 328 .-
0 0 10 301 --4—2‚.÷n———

589 205 779 246 LIBER
819 206 1156 248 SECUNDUS
1551 224 1603 261 97

302 310 406 350 Cum
436 323 517 350 non
548 312 597 350 sit
625 319 803 351 nostrum
832 313 894 351 vel
923 314 1063 352 mundi
1091 319 1270 363 tempora
1298 325 1426 362 nosse,

245 375 364 415 Vnde
392 384 586 415 creaturas
616 390 732 416 nosse
760 378 912 417 laborat
941 378 1092 417 homo?

246 440 331 478 Nos
360 441 504 480 sentire
533 442 654 480 fidem
684 450 817 481 nostra
845 443 1003 482 racione
1031 442 1252 492 probatam,

245 504 338 542 Non
369 505 468 544 foret
497 507 681 545 humanis
710 506 856 545 viribus
886 508 982 546 illud
1010 520 1122 557 opus.

244 569 482 608 Humanum
511 583 594 609 non
623 577 681 609 est
710 584 810 621 opus
839 578 880 610 vt
909 573 1162 611 transcendat
1190 573 1242 611 ad
1271 580 1386 619 astra,

243 633 365 682 Quod
394 635 568 672 mortalis
598 635 720 673 homo
749 648 831 674 non
861 637 1020 675 racione
1048 637 1177 686 capit:

244 698 455 748 Ingenium
485 706 595 738 tante
624 701 761 739 transit
790 701 942 739 virtutis
972 702 1012 738 in
1041 702 1175 747 altum,

241 764 489 802 Transcurrit
518 777 693 815 superos,
723 767 764 804 in
794 766 940 805 deitate
969 774 1114 806 manet.

244 828 324 876 Qui
355 829 552 878 sapienter
579 831 669 880 agit,
701 831 826 880 sapiat
854 831 1106 870 moderanter
1135 832 1175 869 in
1205 831 1299 879 istis,

242 893 422 932 Postulet
450 900 491 932 vt
520 902 667 933 rectam
697 896 821 945 possit
850 894 997 935 habere
1026 897 1159 935 fidem.
1534 903 1600 943 460

242 957 454 1007 Ingenium
484 960 587 997 mala
616 972 710 1009 sepe
738 967 903 999 mouent
918 975 928 1008 3
968 973 1049 999 non
1079 973 1199 999 nosse
1227 961 1399 999 virorum

241 1022 313 1060 Est
343 1024 439 1072 quid
468 1024 509 1061 in
538 1025 700 1062 excelsis
730 1026 921 1063 construit
951 1026 1035 1075 ipse
1063 1026 1185 1065 deus:

241 1087 370 1125 Multa
399 1088 502 1126 viros
532 1088 682 1127 nescire
713 1089 844 1137 iuuat3
882 1102 970 1139 pars
1000 1090 1170 1127 maxima
1199 1102 1329 1128 rerum

239 1151 418 1190 offendit
447 1165 611 1201 sensus3
650 1153 804 1191 sobrius
834 1166 926 1203 ergo
955 1154 1078 1193 sciat:

241 1216 476 1255 Committat
504 1218 597 1256 fidei
627 1218 736 1266 quod
766 1230 847 1255 non
876 1219 1020 1267 poterit
1049 1219 1210 1265 racioni,

239 1281 362 1330 Quod
391 1294 472 1320 non
501 1282 568 1320 dat
597 1283 702 1320 racio
732 1283 799 1321 det
828 1283 903 1321 sibi
933 1283 1044 1321 firma
1075 1284 1186 1322 fides.

294 1346 413 1384 Adde
443 1347 576 1395 fidem,
608 1360 700 1385 nam
730 1360 820 1386 vera
848 1348 960 1394 fides,
989 1349 1099 1398 quod
1128 1361 1211 1386 non
1240 1348 1358 1393 videt,
1389 1348 1510 1394 audit,

239 1411 387 1459 Credit,
418 1418 558 1461 sperat,
591 1419 629 1451 et
658 1413 732 1451 hec
762 1419 821 1452 est
850 1414 922 1461 via,
954 1414 1044 1461 vita,
1076 1414 1191 1451 salus.
1340 1418 1344 1422 '

237 1477 483 1526 Argumenta
511 1478 611 1516 fides
641 1478 709 1516 dat
736 1491 866 1516 rerum
895 1491 974 1529 que
1002 1491 1135 1529 neque
1164 1479 1253 1518 sciri

238 1541 325 1580 Nec
352 1549 519 1591 possunt
548 1549 683 1582 mente
712 1556 786 1582 nec
814 1544 973 1582 racione
1002 1544 1112 1594 capi:
1531 1556 1597 1590 470

236 1607 341 1644 Vera
369 1606 468 1645 fides
498 1608 689 1657 quicquid
718 1609 814 1657 petit
843 1609 1036 1658 impetrat,
1069 1621 1189 1647 omne
1218 1614 1399 1655 meretur,

238 1672 444 1721 Quicquid
472 1673 662 1722 possibile
691 1674 861 1711 creditur
890 1674 975 1724 ipsa
1003 1680 1147 1723 potest.

237 1737 390 1786 Lingua
419 1737 517 1785 silet,
548 1750 629 1776 non
660 1751 704 1776 os
733 1739 916 1787 loquitur,
948 1751 1060 1776 mens
1090 1739 1235 1785 deficit,
1266 1738 1369 1776 auris

236 1802 330 1840 Non
359 1802 480 1849 audit,
512 1803 634 1840 nichil
662 1809 720 1840 est
751 1803 814 1840 hic
844 1803 918 1841 nisi
946 1803 1030 1841 sola
1059 1804 1170 1841 fides.

234 1868 326 1905 Vna
355 1867 452 1916 quid
480 1867 531 1905 ad
561 1868 685 1905 solem
715 1868 858 1905 sintilla
885 1868 999 1915 valet,
1030 1869 1091 1905 vel
1120 1867 1171 1906 ad
1200 1879 1324 1916 equor

237 1932 371 1979 Gutta,
401 1932 463 1969 vel
491 1931 543 1969 ad
571 1932 701 1969 celum
730 1932 827 1981 quid
856 1932 954 1970 cinis
984 1945 1070 1970 esse
1099 1933 1256 1981 potest?

235 1997 333 2034 Vult
362 2002 495 2034 tamen
524 2009 547 2034 a
576 1996 743 2034 modicis
774 1997 987 2044 inmensus,
1019 2009 1198 2035 summus
1226 1995 1277 2035 ab
1306 1997 1416 2046 ymis,

234 2062 332 2099 Vult
360 2061 458 2100 deus
487 2074 510 2099 a
539 2060 654 2099 nobis
684 2062 827 2099 mentis
856 2074 990 2100 amore
1019 2062 1106 2100 coli.

237 2127 362 2164 Hunc
391 2126 431 2163 in
460 2126 634 2164 amando
663 2127 807 2164 modus
836 2127 1026 2174 discedat,
1056 2127 1246 2165 terminus
1275 2126 1378 2165 absit
1394 2140 1406 2174 3

235 2192 340 2229 Nan]
369 2192 475 2229 velut
504 2197 562 2228 est
592 2191 746 2240 dignus,
778 2192 908 2229 nullus
936 2192 1084 2230 amauit
1113 2205 1216 2230 eum.
1530 2199 1594 2239 480

235 2256 308 2294 Ille
337 2256 454 2294 docet
482 2256 766 2305 quodcumque
795 2256 920 2304 decet,
952 2263 1010 2295 set
1039 2263 1077 2295 et
1106 2270 1243 2307 aspera
1271 2257 1415 2306 planat,

234 2321 356 2361 Curat
384 2321 515 2368 fracta,
546 2322 654 2370 fugat
682 2321 811 2368 noxia,
842 2321 951 2371 lapsa
979 2322 1108 2360 leuat:

235 2387 340 2425 Nam
369 2398 462 2423 crux
492 2392 529 2423 et
558 2398 671 2423 roseo
700 2386 845 2435 perfusi
874 2387 1066 2436 sanguine
1094 2387 1207 2433 claui,

232 2451 409 2500 Expulso
438 2450 620 2497 Sathana,
652 2457 785 2489 nostra
814 2452 921 2489 fuere
949 2452 1064 2489 salus.

287 2515 468 2564 Quisque
498 2515 660 2553 Ihesum
690 2515 886 2554 meditans
915 2515 1120 2554 intendere
1149 2513 1269 2553 debet
1298 2520 1338 2552 vt
1366 2520 1477 2552 actus

234 2581 422 2630 Deponat
450 2586 599 2617 veteres
628 2586 667 2618 et
695 2581 857 2618 meliora
886 2581 999 2618 colat.

233 2646 327 2683 Vita
356 2657 424 2694 per
453 2645 529 2682 hoc
558 2657 705 2683 nornen
735 2645 849 2684 datur
878 2645 1075 2691 omnibus,
1108 2650 1145 2682 et
1174 2643 1375 2682 benedicti

233 2709 400 2760 Absque
429 2710 550 2748 Ihesu
579 2709 664 2747 solo
693 2711 855 2748 nomine
884 2722 1003 2748 nemo
1031 2714 1174 2759 potest.

507 2837 569 2868 451
584 2828 605 2859 f.
624 2838 731 2860 nosce
748 2828 805 2860 CE
947 2829 1007 2868 461
1032 2837 1137 2860 nosce
1154 2827 1212 2859 CE

183 2900 279 2923 *n*
842 2911 872 2938 H
