2095 3173
567 249 756 290 LIBER
796 249 1131 291 SECUNDUS
1410 222 1413 224 ’
1527 254 1577 301 ες

223 358 342 396 Nunc
372 362 447 395 stat
476 362 514 394 et
543 355 671 395 abstat
700 357 835 404 homo,
866 356 932 394 flat
961 362 1000 395 et
1028 356 1143 404 efflat,
1175 356 1287 395 floret
1316 363 1355 395 et
1384 364 1475 402 aret,

221 423 307 461 Nec
335 427 470 459 manet
498 421 597 459 vllus
627 422 663 459 ei
693 421 827 459 firmus
857 422 897 458 in
928 420 1023 459 orbe
1052 422 1206 470 gradus.
1540 437 1578 459 ιε-

222 486 368 535 Incipit
397 497 490 524 ecce
519 486 619 523 mori
647 485 714 532 vir,
745 498 836 523 curn
867 486 945 523 iam
974 486 1118 524 fuderit
1146 486 1238 524 aluo

220 553 350 590 Mater
377 562 483 595 eum,
514 562 634 599 quem
664 557 754 600 post
782 550 965 588 terminat
994 551 1090 588 hora
1119 550 1272 589 breuis:

220 615 420 654 Infantem
450 614 575 662 fletus,
607 626 773 664 puerum
804 615 921 662 scola,
954 615 1067 653 luxus
1097 615 1288 662 adultum,

219 680 486 729 Ambicioque
513 680 641 717 virum
669 686 784 717 vexat
812 692 929 717 auara
959 692 1094 718 senem
1109 694 1120 728 3

218 745 310 784 Sola
340 756 414 782 nec
443 756 520 782 vna
549 744 632 782 dies
663 744 815 782 homini
845 750 924 782 tam
955 744 1032 782 leta
1061 744 1266 792 ministrat,

219 811 328 859 Quin
359 809 474 848 dolor
502 821 549 846 ex
578 809 709 858 aliqua
737 815 846 858 parte
877 808 1037 847 nocebit
1067 809 1114 847 ei.

273 875 312 913 Si
341 881 475 912 tamen
505 885 591 912 esse
620 881 750 922 potest
780 874 889 923 quod
918 874 1009 911 felix
1039 880 1142 912 esset
1171 874 1210 911 in
1241 873 1347 921 orbe,

221 940 387 978 Dudum
417 939 654 994 felicesmos
684 939 794 977 dedit
823 951 910 976 esse
939 939 1065 977 deus:

218 1004 424 1054 Quicquid
453 1016 607 1042 summa
636 1016 776 1041 manus
806 1004 934 1052 potuit
963 1003 1141 1041 conferre
1171 1004 1321 1051 creatis,

218 1070 399 1109 Contulit
428 1070 505 1107 hoc
534 1069 650 1107 nobis
680 1069 947 1118 prosperitatis
976 1080 1089 1117 opus.
1540 1085 1579 1106 ιο

219 1135 353 1173 Huius
381 1141 464 1172 erat
491 1134 582 1181 vite,
613 1134 643 1171 si
673 1146 751 1182 que
780 1133 840 1179 sit,
871 1133 993 1182 gloria
1021 1144 1187 1180 summe,

219 1199 346 1238 Nobis
376 1212 445 1250 pre
474 1199 631 1249 reliquis
660 1198 899 1247 amplificata
927 1198 1062 1246 magis.

218 1266 415 1315 Tuncque
445 1265 564 1303 fuisse
593 1265 713 1302 deum
744 1262 860 1301 nobis
889 1262 1097 1311 specialius
1127 1263 1236 1300 omni

219 1330 467 1369 Conuersum
498 1328 615 1378 plebe
643 1329 793 1366 clamor
820 1326 968 1376 vbique
998 1327 1095 1365 fuit:

219 1396 422 1445 Famaque
450 1396 507 1433 sic
536 1394 689 1440 mundi,
721 1392 920 1442 nobisque
949 1391 1109 1430 beacius
1139 1392 1249 1430 omni

218 1462 397 1510 Tempus
426 1467 507 1499 erat
536 1460 686 1510 populo
716 1470 864 1508 nuper3
904 1464 943 1496 et
972 1469 1065 1496 ecce
1094 1457 1217 1495 modo

218 1526 403 1575 Turpiter
432 1525 603 1563 extincta
633 1530 725 1563 sunt
754 1529 887 1561 nostra
915 1521 1032 1560 beata
1060 1528 1215 1560 vetusta

219 1592 430 1640 Tempora,
459 1603 550 1628 narn
580 1602 741 1639 presens
772 1594 929 1638 torquet
957 1599 1089 1625 amara
1118 1587 1214 1625 dies.

219 1656 352 1704 Quam
382 1656 461 1694 cito
489 1661 682 1694 venerunt
711 1654 825 1692 sortis
855 1652 1028 1691 melioris
1057 1652 1239 1700 honores,

219 1721 320 1758 Tam
350 1721 429 1759 cito
458 1720 647 1759 decasum
675 1718 942 1769 prosperitatis
972 1716 1145 1756 habent:
1537 1733 1578 1762 ,κο

220 1787 304 1824 Nos
334 1786 413 1824 cito
443 1786 658 1832 floruimus,
690 1791 748 1823 set
778 1784 850 1822 flos
879 1789 961 1821 erat
991 1783 1055 1820 ille
1084 1782 1271 1828 caducus,

220 1852 479 1901 Flammaque
508 1851 559 1889 de
588 1850 730 1899 stipula
759 1855 893 1887 nostra
922 1849 965 1885 fit
993 1848 1058 1885 illa
1086 1846 1217 1885 breuis
1232 1861 1242 1894 3

219 1916 287 1954 Set
316 1915 428 1954 labor
456 1921 496 1953 et
524 1927 617 1953 cure
646 1914 882 1962 fortunaque
912 1911 1088 1950 moribus
1118 1911 1254 1960 impar,

220 1981 344 2030 Quod
374 1981 445 2018 fuit
474 1980 673 2018 excelsum
703 1979 780 2016 iam
811 1978 896 2016 sine
924 1977 1010 2026 lege
1039 1983 1170 2014 ruunt.

221 2048 365 2085 Nostra
394 2058 464 2095 per
492 2046 692 2083 inmensas
721 2043 832 2082 ibant
861 2042 1047 2092 preconia
1076 2048 1223 2091 genteS,

220 2112 312 2159 Que
341 2110 464 2149 modo
493 2116 642 2148 mutata
672 2115 775 2147 sorte
804 2107 948 2157 pericla
978 2107 1118 2144 ferunt,

275 2177 458 2224 Querunt
486 2181 692 2225 propterea
722 2174 852 2223 plures
880 2185 951 2210 cur
979 2179 1135 2221 tempus
1165 2177 1204 2209 et
1232 2183 1325 2208 aura

221 2242 305 2280 Stat
333 2240 456 2279 modo
486 2240 657 2279 deterius
688 2251 807 2288 quam
837 2239 937 2276 solet
966 2249 1052 2275 esse
1081 2237 1209 2286 prius:

221 2307 403 2355 Querunt
432 2317 502 2343 cur
529 2310 639 2342 tanta
667 2303 783 2342 nobis
813 2304 924 2353 quasi
953 2302 1153 2340 cotidiana

220 2374 370 2410 Assunt
400 2371 557 2409 insolita
586 2381 693 2407 nunc
721 2369 900 2419 grauiora
929 2368 1055 2406 mala:
1536 2382 1575 2411 40

221 2437 326 2475 Nam
355 2435 477 2473 nichil
505 2435 546 2472 in
574 2441 675 2473 terra
703 2434 937 2483 contingens
968 2433 1010 2470 fit
1039 2432 1123 2470 sine
1152 2442 1281 2476 causa,

220 2502 330 2541 Sicut
359 2500 435 2539 Iob
464 2499 611 2545 docuit,
642 2499 710 2549 qui
739 2499 842 2536 mala
870 2498 995 2536 multa
1024 2497 1121 2535 tulit.

222 2567 272 2604 Se
300 2572 434 2604 tamen
463 2564 647 2602 inmunes
676 2575 794 2602 cause
824 2562 1089 2601 communiter
1117 2571 1257 2598 omnes

221 2631 382 2677 Dicunt,
413 2636 452 2667 vt
481 2629 512 2667 si
543 2629 630 2678 quis
659 2640 741 2666 non
770 2628 869 2666 foret
898 2627 992 2665 inde
1020 2637 1136 2672 reus;

222 2697 423 2733 Accusant
452 2694 598 2732 etenim
628 2694 824 2731 fortunam
855 2692 933 2729 iam
962 2691 1162 2734 variatam,

223 2760 412 2798 Dicentes
441 2758 551 2807 quod
580 2770 626 2795 ea
655 2764 730 2795 stat
758 2757 882 2806 magis
911 2755 1005 2794 inde
1034 2766 1109 2792 rea.

223 2826 436 2864 Fortunam
466 2822 649 2873 reprobat
679 2834 785 2860 nunc
815 2822 944 2860 omnis
973 2821 1106 2867 homo,
1138 2818 1230 2868 quia
1258 2823 1383 2856 mutat

730 2906 752 2936 9
775 2896 889 2926 obstat
907 2894 967 2926 ED
