2095 3173
455 205 508 242 82
930 202 1055 244 VOX
1096 201 1458 244 CLAMANTIS

503 672 581 706 Hic
606 671 707 706 dicit
732 671 839 714 quod
867 671 957 714 ipse
982 671 1066 705 iam
1092 670 1290 714 vigilans,
1310 669 1534 705 secundum
1557 679 1705 704 vocem
1731 680 1853 714 quam
1879 670 1923 704 in

456 730 644 774 sompnis
669 732 902 774 acceperat,
919 729 1102 764 intendit
1124 729 1307 764 scribere
1331 740 1381 764 ea
1405 739 1483 772 que
1504 729 1553 763 de
1576 728 1728 764 mundo
1751 728 1860 763 vidit
1883 731 1925 764 et

457 789 628 829 audiuit,
656 791 698 823 et
715 791 845 823 vocat
867 789 1047 823 libellum
1070 788 1197 822 istum
1221 787 1317 822 Vox
1347 787 1593 828 clamantis,
1620 788 1717 831 quia
1743 787 1793 822 de
1818 796 1925 821 voce

457 850 498 882 et
525 849 705 882 clamore
727 847 847 890 quasi
870 847 1053 881 omnium
1075 848 1302 889 conceptus
1326 848 1412 886 est3
1434 846 1546 880 vnde
1571 846 1615 879 in
1637 847 1759 880 huius
1785 845 1926 889 operis

458 906 657 940 auxilium
675 906 868 950 spiritum
886 906 1078 939 sanctum
1097 905 1281 939 inuocat.

795 1038 956 1085 Incipit
986 1038 1207 1085 prologus
1235 1037 1338 1075 libri
1369 1035 1577 1075 Secundi.

578 1145 785 1249 Multa
814 1144 977 1193 quidem
1007 1143 1086 1181 vidi
1114 1143 1351 1192 diuersaque
1381 1143 1505 1181 multa
1536 1143 1685 1189 notaui,

747 1210 838 1258 Que
868 1209 939 1247 tibi
970 1209 1051 1247 vult
1080 1209 1303 1247 meminens
1334 1207 1504 1246 scribere
1533 1221 1665 1258 penna
1694 1219 1888 1257 sequens:

566 1275 660 1312 Non
689 1281 822 1312 tamen
853 1274 1019 1323 inceptis
1049 1286 1122 1323 ego
1152 1286 1284 1312 musas
1313 1274 1470 1321 inuoco,
1503 1286 1577 1312 nec
1606 1274 1681 1312 diis

566 1340 750 1386 Immolo,
783 1347 841 1377 set
871 1339 957 1377 solo
987 1338 1217 1377 sacrificabo
1248 1339 1336 1377 deo.

565 1405 731 1454 Spiritus
760 1405 863 1442 alme
894 1405 1002 1451 deus,
1034 1404 1258 1442 accendens
1288 1410 1449 1453 pectore
1479 1416 1629 1451 sensus,

566 1470 712 1508 Intima
742 1476 784 1508 tu
814 1471 915 1508 serui
944 1470 1114 1519 pectoris
1143 1482 1209 1508 vre
1238 1470 1318 1508 tui:

566 1535 696 1584 Inque
725 1542 805 1582 tuo,
839 1535 977 1582 Criste,
1010 1535 1151 1573 laxabo
1181 1536 1345 1573 nomine
1374 1535 1496 1582 rethe,

563 1601 618 1637 Vt
648 1612 737 1638 mea
766 1612 879 1638 mens
910 1600 1039 1649 capiat
1068 1613 1146 1650 que
1175 1599 1249 1638 sibi
1279 1607 1387 1650 grata
1416 1601 1525 1649 petit.

566 1666 778 1714 Inceptum
808 1677 877 1714 per
906 1671 945 1703 te
974 1665 1150 1714 perfecto
1181 1666 1260 1703 fine
1290 1665 1438 1703 fruatur

566 1731 660 1768 Hoc
690 1743 790 1780 opus
820 1730 871 1768 ad
900 1730 1058 1768 laudem
1089 1730 1272 1777 nominis,
1305 1743 1386 1778 oro,
1417 1730 1485 1768 tui.
1887 1746 1926 1768 10

566 1793 646 1840 Qui
676 1793 772 1842 legis
802 1793 876 1830 hec
906 1793 1043 1837 eciam,
1075 1798 1114 1830 te
1144 1793 1335 1842 supplico,
1369 1793 1436 1840 vir,
1468 1793 1578 1841 quod
1607 1793 1776 1832 honeste

565 1857 716 1906 Scripta
745 1857 857 1904 feras,
888 1857 997 1895 viciis
1027 1869 1101 1895 nec
1130 1869 1283 1895 memor
1311 1864 1397 1896 esto
1426 1858 1550 1896 meis:

564 1923 668 1960 Rem
699 1935 781 1961 non
810 1934 1032 1972 personam,
1066 1929 1241 1961 mentem
1272 1936 1353 1961 non
1383 1935 1526 1972 corpus
1557 1923 1598 1960 in
1627 1924 1701 1962 ista

566 1987 731 2036 Suscipe
759 1987 932 2033 materia,
966 1999 1052 2024 sum
1083 1987 1201 2025 miser
1229 1988 1313 2036 ipse
1343 1988 1445 2037 quia.

565 2051 648 2088 Res
677 2051 855 2099 preciosa
884 2057 1017 2089 tamen
1048 2052 1088 2088 in
1117 2052 1182 2088 vili
1213 2064 1307 2101 sepe
1338 2052 1493 2090 Minera

566 2116 719 2162 Restat,
751 2122 789 2153 et
819 2122 991 2153 extracta
1020 2117 1308 2155 commoditate
1337 2118 1490 2166 placet:

566 2181 660 2218 Hoc
689 2181 798 2230 quod
828 2181 868 2217 in
898 2181 972 2218 hiis
1002 2181 1154 2230 scriptis
1185 2181 1255 2219 tibi
1285 2183 1353 2220 dat
1382 2183 1532 2220 virtutis
1562 2183 1750 2221 honestas

561 2244 700 2293 Carpe,
732 2256 806 2282 nec
836 2244 911 2282 vlla
940 2252 1097 2282 tumens
1127 2246 1306 2283 vlteriora
1334 2252 1436 2294 pete.

561 2309 605 2355 ¹Si
635 2316 674 2347 te
702 2309 946 2358 perstimulet
976 2310 1087 2347 stilus
1117 2310 1180 2347 hic
1210 2311 1376 2348 stillatus
1405 2311 1445 2348 in
1474 2323 1579 2358 aure,

565 2374 622 2411 Sit
652 2374 756 2411 racio
786 2373 966 2411 medicus
998 2374 1166 2411 mulceat
1195 2374 1289 2411 inde
1317 2387 1458 2423 graue:
1885 2394 1926 2416 20

566 2438 618 2475 Et
647 2438 678 2475 si
708 2438 939 2486 compositis
968 2437 1098 2476 verbis
1128 2450 1208 2476 non
1239 2444 1333 2485 vtar,
1365 2445 1405 2476 vt
1435 2439 1509 2477 illis

565 2502 696 2540 Metra
724 2508 992 2551 perornentur‚
1025 2514 1140 2540 cerne
1170 2502 1266 2551 quid
1296 2503 1379 2551 ipsa
1408 2510 1571 2543 notant:

564 2566 616 2604 Et
644 2566 752 2604 rudis
782 2566 866 2616 ipse
895 2567 992 2605 rude
1021 2567 1052 2604 si
1082 2566 1179 2615 quid
1208 2572 1437 2615 tractauerQ
1469 2569 1585 2617 culpe

565 2631 647 2679 Qui
677 2631 773 2681 legis
803 2631 880 2669 hoc
908 2643 1036 2681 parce,
1068 2631 1178 2681 quod
1207 2631 1302 2670 latet
1331 2632 1436 2671 intus
1466 2633 1598 2673 habe:

498 2743 658 2784 Heading
706 2743 734 2774 L
749 2754 894 2775 resumes
906 2744 978 2775 ltere
1111 2754 1125 2774 1
1151 2743 1287 2785 vocem]
1306 2745 1470 2777 visionem
1489 2747 1572 2778 DH2
1705 2759 1725 2779 2
1749 2754 1924 2790 acceperat
2041 2583 2047 2800 ι

454 2798 482 2826 et
498 2806 541 2825 ex
557 2795 665 2835 plebis
680 2806 764 2827 voce
781 2796 957 2827 communi
975 2796 1133 2836 concepit
1151 2796 1178 2826 L
2047 2761 2052 2836 ί

499 2846 624 2887 Incipit
639 2847 803 2888 prologus
820 2851 883 2880 διε.
902 2858 965 2880 om.
985 2848 1011 2879 L
1143 2859 1186 2879 20
1210 2848 1266 2880 Sic
1291 2848 1384 2879 EDL
1430 2849 1491 2881 Set
1508 2850 1537 2881 T
2040 2825 2044 2956 ¹
