2095 3173
392 235 468 286 158
861 234 991 275 VOX
1031 233 1390 274 CLAMANTIS

497 341 658 378 Fractus
688 353 757 390 pes
786 347 824 377 et
853 340 975 377 fracta
1003 352 1143 376 manus
1173 346 1373 388 reputatur
1402 338 1442 376 in
1471 338 1549 386 illo,

497 405 577 455 Qui
606 406 749 443 claudo
779 404 888 454 peior
917 404 1043 441 tardat
1072 404 1123 441 ad
1153 416 1272 441 omne
1302 403 1478 442 bonum:

498 470 578 509 Hic
608 478 665 508 est
694 470 895 520 gibbosus,
926 481 1046 518 quern
1076 468 1215 507 mundi
1245 468 1397 507 sarcina
1425 477 1572 517 effluat,

496 535 667 573 Lumina
695 548 769 573 nec
799 533 929 573 cordis
958 547 1114 572 summa
1141 533 1274 572 videre
1303 534 1417 574 sinit:
1776 544 1861 575 1880

497 600 683 651 Corporis
712 599 753 638 in
783 599 915 638 scabie
944 613 1135 638 succensa
1163 599 1288 639 libido
1318 608 1485 648 notatur,

497 669 587 716 Que
616 673 799 717 corrupta
828 679 900 705 suo
929 665 1092 705 crimine
1121 668 1232 716 plura
1261 666 1363 705 facit.

551 731 743 771 Predictis
772 731 881 770 viciis
911 731 941 769 si
971 731 1058 782 quis
1088 745 1129 770 se
1159 731 1307 770 senciat
1336 745 1482 782 egrum,

498 799 582 836 Lex
609 797 719 836 iubet
748 804 788 835 vt
817 810 961 847 panem
990 810 1072 835 non
1102 804 1226 835 sacret
1255 796 1318 835 ille
1348 798 1436 835 deo.

498 863 582 903 Oza
610 876 750 901 manus
780 863 948 901 tendens
977 861 1142 900 accessit
1170 869 1210 900 vt
1239 861 1359 912 erigat
1387 863 1558 910 archam,

498 930 564 968 Set
592 927 709 966 nimis
739 929 932 967 audacem
962 941 1067 966 mors
1097 926 1169 965 fuit
1198 929 1277 965 vlta
1306 941 1494 966 manum:

498 994 608 1032 Hinc
638 993 729 1032 ideo
758 993 897 1032 dicunt
926 992 1114 1031 meruisse
1143 1006 1294 1040 necem,
1326 992 1419 1043 quia
1447 1000 1564 1032 nocte

497 1061 714 1098 Transacta
743 1058 878 1097 cohitu
908 1057 1086 1108 coniugis
1115 1071 1206 1096 vsus
1227 1065 1318 1096 erat.

499 1126 731 1164 Declaratur
759 1124 800 1162 in
829 1125 917 1171 hoc,
949 1124 1059 1174 quod
1088 1123 1156 1173 qui
1186 1125 1359 1174 pollutus
1389 1124 1440 1163 ad
1468 1137 1576 1163 aram

497 1191 686 1237 Accedat,
719 1188 855 1228 mortis
884 1190 1044 1227 vulnere
1074 1188 1216 1239 dignus
1247 1188 1344 1227 erit:
1775 1198 1860 1239 1890

499 1255 779 1306 Experimenta
808 1255 966 1302 docent,
998 1255 1107 1304 quod
1136 1254 1187 1292 ab
1217 1256 1294 1293 hoc
1323 1255 1524 1305 detergere
1553 1256 1689 1294 sordes

498 1323 608 1360 Feda
636 1334 777 1359 manus
806 1319 943 1367 nescit,
974 1321 1071 1358 dum
1101 1327 1209 1358 tenet
1238 1319 1304 1358 illa
1332 1321 1471 1358 lutum.

498 1386 696 1426 Presbiter
724 1393 783 1425 est
811 1385 941 1425 dictus
971 1386 1153 1436 prebens·
1169 1385 1254 1423 aliis
1283 1385 1366 1433 iter,
1398 1393 1436 1424 et
1465 1385 1498 1424 si

500 1455 623 1500 Erret,
654 1459 749 1490 tunc
779 1459 907 1490 errant
936 1451 1081 1489 ducere
1110 1464 1291 1501 quosque
1320 1458 1443 1502 putat.

500 1520 611 1557 Dans
641 1531 750 1556 sacra
778 1517 862 1555 siue
891 1518 1052 1563 docens,
1083 1523 1195 1554 notat
1223 1515 1297 1554 ista
1325 1517 1493 1565 loquela,
1525 1518 1709 1556 sacerdos

499 1583 540 1623 Si
569 1585 695 1622 malus
725 1590 794 1630 est,
826 1581 891 1620 alii
921 1589 1012 1620 sunt
1041 1581 1165 1632 magis
1191 1581 1285 1620 inde
1315 1581 1417 1619 mali.

499 1650 595 1688 Non
624 1648 709 1687 sine
738 1655 813 1687 stat
842 1661 935 1686 cura
964 1647 1206 1698 quicumque
1235 1648 1433 1697 professus
1463 1646 1504 1685 in
1533 1647 1650 1686 huius

499 1714 661 1754 Ordinis
691 1721 749 1752 est
778 1727 907 1764 opere,
939 1712 971 1751 si
1000 1714 1103 1751 bene
1132 1720 1261 1751 seruet
1290 1726 1413 1762 opus:

501 1782 606 1830 Ergo
635 1779 740 1830 prius
770 1779 904 1817 videas
935 1778 1003 1829 qui
1031 1779 1221 1817 scandere
1249 1777 1318 1825 vis,
1351 1785 1389 1816 et
1418 1777 1458 1815 in
1487 1777 1597 1816 illum

499 1846 540 1884 Si
570 1846 748 1892 scandas,
779 1844 899 1883 facias
929 1857 1007 1894 que
1036 1843 1147 1882 iubet
1175 1844 1274 1882 ordo
1303 1850 1418 1881 tuus:
1778 1859 1861 1893 1900

500 1912 595 1950 Non
625 1911 754 1949 solum
783 1909 936 1957 faciem,
968 1922 1097 1947 mores
1127 1916 1185 1947 set
1215 1909 1351 1947 confer
1379 1915 1418 1947 et
1446 1915 1558 1956 artes,

500 1975 688 2014 Proficias
717 1974 819 2014 curis
849 1988 897 2013 ex
925 1974 1069 2025 quibus
1099 1973 1183 2024 ipse
1213 1973 1300 2012 tuis.

439 2108 516 2142 Hic
535 2107 718 2151 loquitur
732 2106 839 2150 quod
853 2108 947 2140 etas
959 2105 1176 2147 sufficiens,
1189 2105 1431 2149 priusquam
1443 2106 1616 2148 gradum
1631 2106 1862 2141 sacerdocii

393 2167 474 2202 sibi
492 2167 696 2206 assumat,
714 2165 758 2198 in
783 2164 952 2198 homine
978 2163 1224 2206 requiritur:
1250 2164 1435 2207 loquitur
1460 2165 1592 2198 eciam
1618 2165 1667 2199 de
1693 2175 1861 2200 suorum

392 2235 544 2260 rasura
561 2224 749 2269 pilorum,
772 2224 814 2257 et
834 2223 936 2256 dicit
953 2222 1060 2265 quod
1078 2223 1185 2256 talia
1203 2222 1246 2256 in
1268 2223 1432 2265 signum
1451 2224 1658 2257 mundicie
1683 2226 1726 2258 et
1746 2234 1863 2258 sanc·

393 2284 536 2319 ‘citatis
566 2283 805 2327 specialiter
834 2281 1080 2325 presbiteris
1111 2281 1386 2316 conueniunt:
1423 2281 1524 2316 dicit
1549 2282 1727 2317 vlterius
1756 2284 1863 2327 quod

392 2342 614 2388 presbiteri
631 2353 657 2376 a
675 2340 796 2375 bonis
813 2350 899 2374 non
918 2340 1069 2374 debent
1087 2349 1181 2374 esse
1200 2340 1393 2383 operibus
1411 2340 1553 2374 ociosi.

220 2421 348 2470 Capm.
371 2417 469 2456 xxvi.
556 2417 689 2465 Quam
717 2414 824 2466 prius
853 2421 1038 2462 assumat,
1069 2421 1222 2451 matura
1250 2413 1457 2464 requiritur
1485 2422 1578 2462 etas,

504 2481 701 2521 Presbiter
728 2480 914 2528 officium,
945 2482 1085 2530 plenus
1114 2487 1154 2518 vt
1184 2479 1267 2529 ipse
1296 2487 1430 2529 regat:

503 2549 610 2586 Nam
639 2548 712 2585 flos
741 2545 854 2585 etatis
883 2544 1091 2596 temptanti
1120 2544 1298 2595 congruit
1327 2544 1459 2593 hosti3

505 2612 644 2652 Carnis
674 2619 713 2651 et
741 2611 854 2650 etatis
883 2612 1008 2649 feruet
1036 2618 1199 2660 vterque
1228 2611 1357 2648 calor:

506 2679 593 2716 Iam
623 2690 723 2727 quos
752 2683 865 2715 vexat
893 2677 944 2715 ad
974 2677 1052 2714 huc
1081 2682 1214 2713 tenere
1243 2674 1406 2713 lasciuia
1434 2675 1560 2714 carnis

444 2752 528 2790 1890
549 2749 703 2780 Accedat
719 2749 775 2780 SL
819 2749 964 2780 Accedit
980 2747 1143 2779 CEHGD

440 2802 601 2843 Heading
621 2811 640 2841 5
654 2801 675 2832 s.
701 2812 720 2832 a
735 2801 833 2832 bonis
851 2812 920 2832 non
937 2801 1064 2832 debent
1083 2799 1243 2840 operibus
1264 2810 1341 2831 esse
1358 2800 1417 2831 (ΞΕ
1472 2811 1490 2832 a
1507 2800 1605 2832 bonis
1622 2801 1780 2842 operibus
1795 2812 1862 2832 non

397 2855 525 2886 debent
539 2864 613 2884 esse
632 2854 658 2884 L
706 2864 726 2884 a
740 2854 839 2884 bonis
856 2854 1013 2893 operibus
1029 2863 1098 2883 non
1117 2862 1194 2884 esse
1213 2852 1243 2883 D

445 2916 527 2948 1907
552 2906 594 2938 ad
611 2907 677 2937 huc
694 2905 782 2937 SGT
828 2906 937 2936 adhuc
955 2904 1118 2937 CEHDL
