<?xml version="1.0" encoding="UTF-8"?>
<!DOCTYPE html PUBLIC "-//W3C//DTD XHTML 1.0 Transitional//EN"
    "http://www.w3.org/TR/xhtml1/DTD/xhtml1-transitional.dtd">
<html xmlns="http://www.w3.org/1999/xhtml" xml:lang="en" lang="en">
 <head>
  <title>
</title>
<meta http-equiv="Content-Type" content="text/html;charset=utf-8" />
  <meta name='ocr-system' content='tesseract 3.04.00' />
  <meta name='ocr-capabilities' content='ocr_page ocr_carea ocr_par ocr_line ocrx_word'/>
</head>
<body>
  <div class='ocr_page' id='page_1' title='image "./completeworksofj04gowe_0116.png"; bbox 0 0 2095 3173; ppageno 0'>
   <div class='ocr_carea' id='block_1_1' title="bbox 397 223 1402 266">
    <p class='ocr_par' dir='ltr' id='par_1_1' title="bbox 397 223 1402 266">
     <span class='ocr_line' id='line_1_1' title="bbox 397 223 1402 266; baseline 0 -3"><span class='ocrx_word' id='word_1_1' title='bbox 397 226 450 263; x_wconf 84' lang='lat'>28</span> <span class='ocrx_word' id='word_1_2' title='bbox 875 225 1004 266; x_wconf 91' lang='lat' dir='ltr'>VOX</span> <span class='ocrx_word' id='word_1_3' title='bbox 1043 223 1402 266; x_wconf 85' lang='lat' dir='ltr'>CLAMANTIS</span> 
     </span>
    </p>
   </div>
   <div class='ocr_carea' id='block_1_2' title="bbox 507 330 1878 1754">
    <p class='ocr_par' dir='ltr' id='par_1_2' title="bbox 507 330 1878 1754">
     <span class='ocr_line' id='line_1_2' title="bbox 507 330 1526 381; baseline -0.002 -11"><span class='ocrx_word' id='word_1_4' title='bbox 507 331 647 371; x_wconf 86' lang='lat' dir='ltr'>Cauda</span> <span class='ocrx_word' id='word_1_5' title='bbox 676 344 748 370; x_wconf 90' lang='lat' dir='ltr'>suo</span> <span class='ocrx_word' id='word_1_6' title='bbox 778 332 895 381; x_wconf 85' lang='lat' dir='ltr'>capiti</span> <span class='ocrx_word' id='word_1_7' title='bbox 925 332 1018 381; x_wconf 86' lang='lat' dir='ltr'>quia</span> <span class='ocrx_word' id='word_1_8' title='bbox 1047 343 1088 369; x_wconf 89' lang='lat' dir='ltr'>se</span> <span class='ocrx_word' id='word_1_9' title='bbox 1117 331 1295 369; x_wconf 90' lang='lat' dir='ltr'>conferre</span> <span class='ocrx_word' id='word_1_10' title='bbox 1325 330 1526 380; x_wconf 82' lang='lat' dir='ltr'>nequibat,</span> 
     </span>
     <span class='ocr_line' id='line_1_3' title="bbox 507 396 1345 445; baseline -0.002 -10"><span class='ocrx_word' id='word_1_11' title='bbox 507 398 656 436; x_wconf 88' lang='lat' dir='ltr'>Contra</span> <span class='ocrx_word' id='word_1_12' title='bbox 685 404 865 435; x_wconf 87' lang='lat' dir='ltr'>naturam</span> <span class='ocrx_word' id='word_1_13' title='bbox 895 403 999 434; x_wconf 81' lang='lat' dir='ltr'>sorte</span> <span class='ocrx_word' id='word_1_14' title='bbox 1028 396 1188 445; x_wconf 84' lang='lat' dir='ltr'>requirit</span> <span class='ocrx_word' id='word_1_15' title='bbox 1216 408 1345 445; x_wconf 88' lang='lat' dir='ltr'>opem.</span> 
     </span>
     <span class='ocr_line' id='line_1_4' title="bbox 509 461 1448 512; baseline -0.003 -11"><span class='ocrx_word' id='word_1_16' title='bbox 509 465 758 512; x_wconf 83' lang='lat' dir='ltr'>Attemptant</span> <span class='ocrx_word' id='word_1_17' title='bbox 787 462 903 512; x_wconf 88' lang='lat' dir='ltr'>igitur</span> <span class='ocrx_word' id='word_1_18' title='bbox 932 461 1038 509; x_wconf 87' lang='lat' dir='ltr'>fatui,</span> <span class='ocrx_word' id='word_1_19' title='bbox 1070 462 1241 511; x_wconf 86' lang='lat' dir='ltr'>poterint</span> <span class='ocrx_word' id='word_1_20' title='bbox 1270 468 1310 499; x_wconf 93' lang='lat' dir='ltr'>vt</span> <span class='ocrx_word' id='word_1_21' title='bbox 1339 461 1448 499; x_wconf 85' lang='lat' dir='ltr'>aselli</span> 
     </span>
     <span class='ocr_line' id='line_1_5' title="bbox 511 526 1874 577; baseline -0.004 -11"><span class='ocrx_word' id='word_1_22' title='bbox 511 529 633 577; x_wconf 84' lang='lat' dir='ltr'>Quod</span> <span class='ocrx_word' id='word_1_23' title='bbox 664 534 802 565; x_wconf 86' lang='lat' dir='ltr'>natura</span> <span class='ocrx_word' id='word_1_24' title='bbox 831 533 937 565; x_wconf 86' lang='lat' dir='ltr'>vetat</span> <span class='ocrx_word' id='word_1_25' title='bbox 965 527 1205 576; x_wconf 87' lang='lat' dir='ltr'>amplificare</span> <span class='ocrx_word' id='word_1_26' title='bbox 1235 526 1333 564; x_wconf 88' lang='lat' dir='ltr'>sibi:</span> <span class='ocrx_word' id='word_1_27' title='bbox 1811 539 1874 562; x_wconf 85' lang='lat'>210</span> 
     </span>
     <span class='ocr_line' id='line_1_6' title="bbox 510 592 1607 642; baseline -0.001 -12"><span class='ocrx_word' id='word_1_28' title='bbox 510 596 643 642; x_wconf 84' lang='lat' dir='ltr'>Quam</span> <span class='ocrx_word' id='word_1_29' title='bbox 675 593 749 631; x_wconf 87' lang='lat' dir='ltr'>sibi</span> <span class='ocrx_word' id='word_1_30' title='bbox 779 593 972 642; x_wconf 85' lang='lat' dir='ltr'>plantauit</span> <span class='ocrx_word' id='word_1_31' title='bbox 1001 593 1169 630; x_wconf 89' lang='lat' dir='ltr'>caudam</span> <span class='ocrx_word' id='word_1_32' title='bbox 1200 593 1267 642; x_wconf 89' lang='lat' dir='ltr'>qui</span> <span class='ocrx_word' id='word_1_33' title='bbox 1297 592 1464 630; x_wconf 89' lang='lat' dir='ltr'>contulit</span> <span class='ocrx_word' id='word_1_34' title='bbox 1494 603 1607 630; x_wconf 89' lang='lat' dir='ltr'>aures</span> 
     </span>
     <span class='ocr_line' id='line_1_7' title="bbox 512 658 1437 707; baseline -0.001 -11"><span class='ocrx_word' id='word_1_35' title='bbox 512 660 604 696; x_wconf 88' lang='lat' dir='ltr'>Non</span> <span class='ocrx_word' id='word_1_36' title='bbox 635 665 786 705; x_wconf 88' lang='lat' dir='ltr'>curant,</span> <span class='ocrx_word' id='word_1_37' title='bbox 818 664 877 696; x_wconf 89' lang='lat' dir='ltr'>set</span> <span class='ocrx_word' id='word_1_38' title='bbox 907 670 993 696; x_wconf 88' lang='lat' dir='ltr'>eam</span> <span class='ocrx_word' id='word_1_39' title='bbox 1024 658 1139 695; x_wconf 90' lang='lat' dir='ltr'>vilius</span> <span class='ocrx_word' id='word_1_40' title='bbox 1171 670 1258 696; x_wconf 82' lang='lat' dir='ltr'>esse</span> <span class='ocrx_word' id='word_1_41' title='bbox 1286 665 1437 707; x_wconf 86' lang='lat' dir='ltr'>putant.</span> 
     </span>
     <span class='ocr_line' id='line_1_8' title="bbox 565 723 1558 773; baseline 0 -13"><span class='ocrx_word' id='word_1_42' title='bbox 565 723 738 762; x_wconf 83' lang='lat' dir='ltr'>Voluere</span> <span class='ocrx_word' id='word_1_43' title='bbox 766 723 878 773; x_wconf 90' lang='lat' dir='ltr'>plura</span> <span class='ocrx_word' id='word_1_44' title='bbox 907 723 1006 762; x_wconf 89' lang='lat' dir='ltr'>solet</span> <span class='ocrx_word' id='word_1_45' title='bbox 1034 724 1156 761; x_wconf 89' lang='lat' dir='ltr'>animi</span> <span class='ocrx_word' id='word_1_46' title='bbox 1186 724 1400 761; x_wconf 86' lang='lat' dir='ltr'>meditacio</span> <span class='ocrx_word' id='word_1_47' title='bbox 1429 723 1558 769; x_wconf 88' lang='lat' dir='ltr'>stulta,</span> 
     </span>
     <span class='ocr_line' id='line_1_9' title="bbox 511 789 1564 839; baseline 0 -13"><span class='ocrx_word' id='word_1_48' title='bbox 511 790 602 837; x_wconf 85' lang='lat' dir='ltr'>Que</span> <span class='ocrx_word' id='word_1_49' title='bbox 631 789 756 839; x_wconf 82' lang='lat' dir='ltr'>magis</span> <span class='ocrx_word' id='word_1_50' title='bbox 786 789 1010 839; x_wconf 89' lang='lat' dir='ltr'>impediunt</span> <span class='ocrx_word' id='word_1_51' title='bbox 1040 801 1160 839; x_wconf 87' lang='lat' dir='ltr'>quarn</span> <span class='ocrx_word' id='word_1_52' title='bbox 1191 802 1261 827; x_wconf 90' lang='lat' dir='ltr'>sua</span> <span class='ocrx_word' id='word_1_53' title='bbox 1289 796 1382 827; x_wconf 91' lang='lat' dir='ltr'>vota</span> <span class='ocrx_word' id='word_1_54' title='bbox 1410 789 1564 826; x_wconf 85' lang='lat' dir='ltr'>ferunt:</span> 
     </span>
     <span class='ocr_line' id='line_1_10' title="bbox 511 855 1374 894; baseline -0.001 -1"><span class='ocrx_word' id='word_1_55' title='bbox 511 856 663 894; x_wconf 85' lang='lat' dir='ltr'><strong>Omnes</strong></span> <span class='ocrx_word' id='word_1_56' title='bbox 693 855 864 893; x_wconf 86' lang='lat' dir='ltr'>stulticia</span> <span class='ocrx_word' id='word_1_57' title='bbox 893 855 1023 893; x_wconf 87' lang='lat' dir='ltr'>stultis</span> <span class='ocrx_word' id='word_1_58' title='bbox 1053 855 1188 893; x_wconf 89' lang='lat' dir='ltr'>innata</span> <span class='ocrx_word' id='word_1_59' title='bbox 1217 855 1374 893; x_wconf 89' lang='lat' dir='ltr'>dolores</span> 
     </span>
     <span class='ocr_line' id='line_1_11' title="bbox 512 919 1446 970; baseline -0.001 -12"><span class='ocrx_word' id='word_1_60' title='bbox 512 921 690 967; x_wconf 85' lang='lat' dir='ltr'>Parturit‚</span> <span class='ocrx_word' id='word_1_61' title='bbox 720 927 758 959; x_wconf 90' lang='lat' dir='ltr'>et</span> <span class='ocrx_word' id='word_1_62' title='bbox 787 921 909 959; x_wconf 90' lang='lat' dir='ltr'>finem</span> <span class='ocrx_word' id='word_1_63' title='bbox 938 927 1084 970; x_wconf 84' lang='lat' dir='ltr'>prestat</span> <span class='ocrx_word' id='word_1_64' title='bbox 1112 919 1258 959; x_wconf 86' lang='lat' dir='ltr'>habere</span> <span class='ocrx_word' id='word_1_65' title='bbox 1287 921 1446 958; x_wconf 89' lang='lat' dir='ltr'>malum.</span> 
     </span>
     <span class='ocr_line' id='line_1_12' title="bbox 513 985 1614 1036; baseline -0.001 -12"><span class='ocrx_word' id='word_1_66' title='bbox 513 987 682 1036; x_wconf 88' lang='lat' dir='ltr'>Magnos</span> <span class='ocrx_word' id='word_1_67' title='bbox 712 999 856 1036; x_wconf 88' lang='lat' dir='ltr'>magna</span> <span class='ocrx_word' id='word_1_68' title='bbox 884 987 1029 1025; x_wconf 86' lang='lat' dir='ltr'>decent</span> <span class='ocrx_word' id='word_1_69' title='bbox 1058 993 1096 1024; x_wconf 92' lang='lat' dir='ltr'>et</span> <span class='ocrx_word' id='word_1_70' title='bbox 1125 999 1268 1035; x_wconf 88' lang='lat' dir='ltr'>paruos</span> <span class='ocrx_word' id='word_1_71' title='bbox 1298 999 1428 1035; x_wconf 88' lang='lat' dir='ltr'>parua,</span> <span class='ocrx_word' id='word_1_72' title='bbox 1461 992 1519 1024; x_wconf 88' lang='lat' dir='ltr'>set</span> <span class='ocrx_word' id='word_1_73' title='bbox 1549 985 1614 1032; x_wconf 85' lang='lat' dir='ltr'>illi,</span> 
     </span>
     <span class='ocr_line' id='line_1_13' title="bbox 515 1051 1510 1102; baseline -0.002 -12"><span class='ocrx_word' id='word_1_74' title='bbox 515 1052 595 1100; x_wconf 86' lang='lat' dir='ltr'>Qui</span> <span class='ocrx_word' id='word_1_75' title='bbox 625 1059 716 1090; x_wconf 87' lang='lat' dir='ltr'>sunt</span> <span class='ocrx_word' id='word_1_76' title='bbox 746 1052 797 1090; x_wconf 88' lang='lat' dir='ltr'>de</span> <span class='ocrx_word' id='word_1_77' title='bbox 827 1052 1011 1099; x_wconf 86' lang='lat' dir='ltr'>minimis,</span> <span class='ocrx_word' id='word_1_78' title='bbox 1042 1051 1206 1102; x_wconf 86' lang='lat' dir='ltr'>grandia</span> <span class='ocrx_word' id='word_1_79' title='bbox 1234 1052 1332 1090; x_wconf 87' lang='lat' dir='ltr'>ferre</span> <span class='ocrx_word' id='word_1_80' title='bbox 1361 1052 1510 1089; x_wconf 90' lang='lat' dir='ltr'>volunt.</span> 
     </span>
     <span class='ocr_line' id='line_1_14' title="bbox 512 1116 1589 1166; baseline 0 -12"><span class='ocrx_word' id='word_1_81' title='bbox 512 1118 631 1155; x_wconf 84' lang='lat' dir='ltr'>Mens</span> <span class='ocrx_word' id='word_1_82' title='bbox 661 1117 782 1155; x_wconf 92' lang='lat' dir='ltr'>oritur</span> <span class='ocrx_word' id='word_1_83' title='bbox 811 1116 953 1165; x_wconf 86' lang='lat' dir='ltr'>subito,</span> <span class='ocrx_word' id='word_1_84' title='bbox 985 1117 1192 1155; x_wconf 89' lang='lat' dir='ltr'>diuturnos</span> <span class='ocrx_word' id='word_1_85' title='bbox 1222 1129 1300 1166; x_wconf 87' lang='lat' dir='ltr'>que</span> <span class='ocrx_word' id='word_1_86' title='bbox 1329 1123 1439 1166; x_wconf 87' lang='lat' dir='ltr'>parat</span> <span class='ocrx_word' id='word_1_87' title='bbox 1467 1122 1589 1163; x_wconf 87' lang='lat' dir='ltr'>actus,</span> 
     </span>
     <span class='ocr_line' id='line_1_15' title="bbox 514 1183 1878 1232; baseline -0.003 -12"><span class='ocrx_word' id='word_1_88' title='bbox 514 1183 659 1232; x_wconf 87' lang='lat' dir='ltr'>Incipit</span> <span class='ocrx_word' id='word_1_89' title='bbox 687 1189 726 1221; x_wconf 90' lang='lat' dir='ltr'>et</span> <span class='ocrx_word' id='word_1_90' title='bbox 755 1183 894 1222; x_wconf 90' lang='lat' dir='ltr'>leuiter</span> <span class='ocrx_word' id='word_1_91' title='bbox 923 1195 1001 1232; x_wconf 90' lang='lat' dir='ltr'>que</span> <span class='ocrx_word' id='word_1_92' title='bbox 1030 1183 1115 1221; x_wconf 88' lang='lat' dir='ltr'>sine</span> <span class='ocrx_word' id='word_1_93' title='bbox 1145 1183 1224 1220; x_wconf 90' lang='lat' dir='ltr'>fine</span> <span class='ocrx_word' id='word_1_94' title='bbox 1251 1189 1438 1232; x_wconf 88' lang='lat' dir='ltr'>grauant:</span> <span class='ocrx_word' id='word_1_95' title='bbox 1815 1195 1878 1217; x_wconf 88' lang='lat'>220</span> 
     </span>
     <span class='ocr_line' id='line_1_16' title="bbox 513 1247 1480 1298; baseline -0.001 -13"><span class='ocrx_word' id='word_1_96' title='bbox 513 1249 576 1286; x_wconf 89' lang='lat' dir='ltr'>Sic</span> <span class='ocrx_word' id='word_1_97' title='bbox 605 1249 704 1286; x_wconf 87' lang='lat' dir='ltr'>asini</span> <span class='ocrx_word' id='word_1_98' title='bbox 733 1249 840 1296; x_wconf 89' lang='lat' dir='ltr'>fatui,</span> <span class='ocrx_word' id='word_1_99' title='bbox 873 1261 972 1298; x_wconf 85' lang='lat' dir='ltr'>quos</span> <span class='ocrx_word' id='word_1_100' title='bbox 1001 1249 1123 1286; x_wconf 89' lang='lat' dir='ltr'>fastus</span> <span class='ocrx_word' id='word_1_101' title='bbox 1152 1249 1338 1295; x_wconf 87' lang='lat' dir='ltr'>concitat,</span> <span class='ocrx_word' id='word_1_102' title='bbox 1370 1247 1480 1286; x_wconf 92' lang='lat' dir='ltr'>omni</span> 
     </span>
     <span class='ocr_line' id='line_1_17' title="bbox 514 1313 1340 1363; baseline -0.001 -12"><span class='ocrx_word' id='word_1_103' title='bbox 514 1313 739 1363; x_wconf 88' lang='lat' dir='ltr'>Postposita</span> <span class='ocrx_word' id='word_1_104' title='bbox 767 1314 852 1363; x_wconf 89' lang='lat' dir='ltr'>lege</span> <span class='ocrx_word' id='word_1_105' title='bbox 882 1314 1044 1351; x_wconf 90' lang='lat' dir='ltr'>condita</span> <span class='ocrx_word' id='word_1_106' title='bbox 1072 1313 1156 1351; x_wconf 90' lang='lat' dir='ltr'>iura</span> <span class='ocrx_word' id='word_1_107' title='bbox 1185 1320 1340 1363; x_wconf 88' lang='lat' dir='ltr'>negant.</span> 
     </span>
     <span class='ocr_line' id='line_1_18' title="bbox 514 1377 1342 1428; baseline 0 -12"><span class='ocrx_word' id='word_1_108' title='bbox 514 1380 604 1416; x_wconf 83' lang='lat' dir='ltr'>Hos</span> <span class='ocrx_word' id='word_1_109' title='bbox 634 1379 886 1428; x_wconf 87' lang='lat' dir='ltr'>intemperies</span> <span class='ocrx_word' id='word_1_110' title='bbox 916 1379 972 1417; x_wconf 92' lang='lat' dir='ltr'>sic</span> <span class='ocrx_word' id='word_1_111' title='bbox 1000 1379 1100 1417; x_wconf 88' lang='lat' dir='ltr'>aeris</span> <span class='ocrx_word' id='word_1_112' title='bbox 1130 1377 1342 1425; x_wconf 85' lang='lat' dir='ltr'>inficiebat,</span> 
     </span>
     <span class='ocr_line' id='line_1_19' title="bbox 514 1443 1578 1494; baseline 0 -12"><span class='ocrx_word' id='word_1_113' title='bbox 514 1444 638 1493; x_wconf 86' lang='lat' dir='ltr'>Quod</span> <span class='ocrx_word' id='word_1_114' title='bbox 666 1445 930 1483; x_wconf 86' lang='lat' dir='ltr'>transformati</span> <span class='ocrx_word' id='word_1_115' title='bbox 961 1452 1052 1482; x_wconf 90' lang='lat' dir='ltr'>sunt</span> <span class='ocrx_word' id='word_1_116' title='bbox 1083 1444 1197 1494; x_wconf 88' lang='lat' dir='ltr'>quasi</span> <span class='ocrx_word' id='word_1_117' title='bbox 1227 1451 1403 1482; x_wconf 89' lang='lat' dir='ltr'>monstra</span> <span class='ocrx_word' id='word_1_118' title='bbox 1433 1443 1578 1482; x_wconf 87' lang='lat' dir='ltr'>michi:</span> 
     </span>
     <span class='ocr_line' id='line_1_20' title="bbox 513 1509 1561 1560; baseline -0.001 -13"><span class='ocrx_word' id='word_1_119' title='bbox 513 1509 685 1548; x_wconf 86' lang='lat' dir='ltr'>Auribus</span> <span class='ocrx_word' id='word_1_120' title='bbox 715 1510 755 1547; x_wconf 91' lang='lat' dir='ltr'>in</span> <span class='ocrx_word' id='word_1_121' title='bbox 785 1510 912 1560; x_wconf 87' lang='lat' dir='ltr'>longis</span> <span class='ocrx_word' id='word_1_122' title='bbox 942 1511 1054 1560; x_wconf 91' lang='lat' dir='ltr'>potui</span> <span class='ocrx_word' id='word_1_123' title='bbox 1084 1522 1184 1560; x_wconf 86' lang='lat' dir='ltr'>quos</span> <span class='ocrx_word' id='word_1_124' title='bbox 1214 1521 1379 1548; x_wconf 90' lang='lat' dir='ltr'>noscere</span> <span class='ocrx_word' id='word_1_125' title='bbox 1408 1509 1561 1548; x_wconf 91' lang='lat' dir='ltr'>dudum</span> 
     </span>
     <span class='ocr_line' id='line_1_21' title="bbox 516 1575 1401 1624; baseline -0.001 -12"><span class='ocrx_word' id='word_1_126' title='bbox 516 1576 563 1612; x_wconf 89' lang='lat' dir='ltr'>In</span> <span class='ocrx_word' id='word_1_127' title='bbox 593 1575 731 1613; x_wconf 90' lang='lat' dir='ltr'>frontis</span> <span class='ocrx_word' id='word_1_128' title='bbox 760 1576 895 1613; x_wconf 89' lang='lat' dir='ltr'>medio</span> <span class='ocrx_word' id='word_1_129' title='bbox 925 1587 1074 1613; x_wconf 91' lang='lat' dir='ltr'>cornua</span> <span class='ocrx_word' id='word_1_130' title='bbox 1104 1575 1221 1624; x_wconf 89' lang='lat' dir='ltr'>longa</span> <span class='ocrx_word' id='word_1_131' title='bbox 1250 1581 1401 1623; x_wconf 88' lang='lat' dir='ltr'>gerunt.</span> 
     </span>
     <span class='ocr_line' id='line_1_22' title="bbox 516 1640 1513 1690; baseline -0.001 -12"><span class='ocrx_word' id='word_1_132' title='bbox 516 1641 589 1679; x_wconf 87' lang='lat' dir='ltr'>Ille</span> <span class='ocrx_word' id='word_1_133' title='bbox 619 1640 754 1689; x_wconf 83' lang='lat' dir='ltr'>biceps</span> <span class='ocrx_word' id='word_1_134' title='bbox 783 1640 937 1690; x_wconf 85' lang='lat' dir='ltr'>gladius</span> <span class='ocrx_word' id='word_1_135' title='bbox 967 1652 1049 1678; x_wconf 90' lang='lat' dir='ltr'>non</span> <span class='ocrx_word' id='word_1_136' title='bbox 1079 1640 1225 1677; x_wconf 88' lang='lat' dir='ltr'>scindit</span> <span class='ocrx_word' id='word_1_137' title='bbox 1254 1640 1398 1678; x_wconf 85' lang='lat' dir='ltr'>sorcius</span> <span class='ocrx_word' id='word_1_138' title='bbox 1428 1640 1513 1685; x_wconf 88' lang='lat' dir='ltr'>illis,</span> 
     </span>
     <span class='ocr_line' id='line_1_23' title="bbox 514 1705 1459 1754; baseline 0 -12"><span class='ocrx_word' id='word_1_139' title='bbox 514 1706 699 1744; x_wconf 87' lang='lat' dir='ltr'>Vulneris</span> <span class='ocrx_word' id='word_1_140' title='bbox 729 1712 849 1754; x_wconf 86' lang='lat' dir='ltr'>atque</span> <span class='ocrx_word' id='word_1_141' title='bbox 879 1706 973 1743; x_wconf 90' lang='lat' dir='ltr'>noui</span> <span class='ocrx_word' id='word_1_142' title='bbox 1003 1705 1089 1743; x_wconf 90' lang='lat' dir='ltr'>fusa</span> <span class='ocrx_word' id='word_1_143' title='bbox 1118 1717 1256 1743; x_wconf 90' lang='lat' dir='ltr'>cruore</span> <span class='ocrx_word' id='word_1_144' title='bbox 1285 1705 1459 1743; x_wconf 89' lang='lat' dir='ltr'>madent.</span> 
     </span>
    </p>
   </div>
   <div class='ocr_carea' id='block_1_3' title="bbox 515 1770 1880 1882">
    <p class='ocr_par' dir='ltr' id='par_1_3' title="bbox 515 1770 1880 1882">
     <span class='ocr_line' id='line_1_24' title="bbox 515 1770 1378 1820; baseline 0 -12"><span class='ocrx_word' id='word_1_145' title='bbox 515 1771 596 1819; x_wconf 86' lang='lat' dir='ltr'>Qui</span> <span class='ocrx_word' id='word_1_146' title='bbox 626 1771 677 1809; x_wconf 91' lang='lat' dir='ltr'>de</span> <span class='ocrx_word' id='word_1_147' title='bbox 707 1778 846 1808; x_wconf 87' lang='lat' dir='ltr'>natura</span> <span class='ocrx_word' id='word_1_148' title='bbox 875 1771 973 1820; x_wconf 88' lang='lat' dir='ltr'>pigri</span> <span class='ocrx_word' id='word_1_149' title='bbox 1004 1770 1156 1809; x_wconf 88' lang='lat' dir='ltr'>tardare</span> <span class='ocrx_word' id='word_1_150' title='bbox 1185 1770 1378 1817; x_wconf 87' lang='lat' dir='ltr'>solebant,</span> 
     </span>
     <span class='ocr_line' id='line_1_25' title="bbox 516 1833 1880 1882; baseline -0.001 -11"><span class='ocrx_word' id='word_1_151' title='bbox 516 1834 751 1871; x_wconf 90' lang='lat' dir='ltr'>Precurrunt</span> <span class='ocrx_word' id='word_1_152' title='bbox 780 1833 906 1870; x_wconf 88' lang='lat' dir='ltr'>ceruis</span> <span class='ocrx_word' id='word_1_153' title='bbox 936 1833 986 1871; x_wconf 93' lang='lat' dir='ltr'>de</span> <span class='ocrx_word' id='word_1_154' title='bbox 1016 1833 1176 1871; x_wconf 87' lang='lat' dir='ltr'>leuitate</span> <span class='ocrx_word' id='word_1_155' title='bbox 1205 1833 1340 1882; x_wconf 87' lang='lat' dir='ltr'>magis.</span> <span class='ocrx_word' id='word_1_156' title='bbox 1817 1848 1880 1880; x_wconf 81' lang='lat'>230</span> 
     </span>
    </p>
   </div>
   <div class='ocr_carea' id='block_1_4' title="bbox 514 1898 1882 2536">
    <p class='ocr_par' dir='ltr' id='par_1_4' title="bbox 516 1898 1556 1947">
     <span class='ocr_line' id='line_1_26' title="bbox 516 1898 1556 1947; baseline 0.001 -12"><span class='ocrx_word' id='word_1_157' title='bbox 516 1898 664 1936; x_wconf 92' lang='lat' dir='ltr'>Nonne</span> <span class='ocrx_word' id='word_1_158' title='bbox 693 1898 771 1936; x_wconf 91' lang='lat' dir='ltr'>leui</span> <span class='ocrx_word' id='word_1_159' title='bbox 802 1898 902 1936; x_wconf 88' lang='lat' dir='ltr'>saltu</span> <span class='ocrx_word' id='word_1_160' title='bbox 932 1898 1054 1936; x_wconf 87' lang='lat' dir='ltr'>vincit</span> <span class='ocrx_word' id='word_1_161' title='bbox 1086 1898 1317 1947; x_wconf 90' lang='lat' dir='ltr'>Leopardus</span> <span class='ocrx_word' id='word_1_162' title='bbox 1348 1898 1556 1936; x_wconf 88' lang='lat' dir='ltr'>Asellum?</span> 
     </span>
    </p>

    <p class='ocr_par' dir='ltr' id='par_1_5' title="bbox 514 1963 1487 2002">
     <span class='ocr_line' id='line_1_27' title="bbox 514 1963 1487 2002; baseline 0 -1"><span class='ocrx_word' id='word_1_163' title='bbox 514 1965 631 2001; x_wconf 91' lang='lat' dir='ltr'>Tunc</span> <span class='ocrx_word' id='word_1_164' title='bbox 659 1970 794 2002; x_wconf 88' lang='lat' dir='ltr'>tamen</span> <span class='ocrx_word' id='word_1_165' title='bbox 823 1963 874 2001; x_wconf 91' lang='lat' dir='ltr'>ad</span> <span class='ocrx_word' id='word_1_166' title='bbox 904 1963 1047 2001; x_wconf 89' lang='lat' dir='ltr'>saltum</span> <span class='ocrx_word' id='word_1_167' title='bbox 1076 1963 1169 2001; x_wconf 91' lang='lat' dir='ltr'>vicit</span> <span class='ocrx_word' id='word_1_168' title='bbox 1198 1964 1355 2001; x_wconf 88' lang='lat' dir='ltr'>Asellus</span> <span class='ocrx_word' id='word_1_169' title='bbox 1385 1976 1487 2001; x_wconf 89' lang='lat' dir='ltr'>eum.</span> 
     </span>
    </p>

    <p class='ocr_par' dir='ltr' id='par_1_6' title="bbox 520 2029 1503 2078">
     <span class='ocr_line' id='line_1_28' title="bbox 520 2029 1503 2078; baseline 0.001 -12"><span class='ocrx_word' id='word_1_170' title='bbox 520 2029 693 2078; x_wconf 84' lang='lat' dir='ltr'>Longior</span> <span class='ocrx_word' id='word_1_171' title='bbox 723 2029 763 2065; x_wconf 90' lang='lat' dir='ltr'>in</span> <span class='ocrx_word' id='word_1_172' title='bbox 793 2029 921 2067; x_wconf 88' lang='lat' dir='ltr'>cauda</span> <span class='ocrx_word' id='word_1_173' title='bbox 951 2029 1076 2067; x_wconf 87' lang='lat' dir='ltr'>fuerat</span> <span class='ocrx_word' id='word_1_174' title='bbox 1106 2035 1202 2066; x_wconf 88' lang='lat' dir='ltr'>tunc</span> <span class='ocrx_word' id='word_1_175' title='bbox 1231 2029 1316 2067; x_wconf 89' lang='lat' dir='ltr'>vilis</span> <span class='ocrx_word' id='word_1_176' title='bbox 1346 2030 1503 2067; x_wconf 88' lang='lat' dir='ltr'>Asellus</span> 
     </span>
    </p>

    <p class='ocr_par' dir='ltr' id='par_1_7' title="bbox 518 2093 1427 2143">
     <span class='ocr_line' id='line_1_29' title="bbox 518 2093 1427 2143; baseline 0 -11"><span class='ocrx_word' id='word_1_177' title='bbox 518 2095 651 2143; x_wconf 85' lang='lat' dir='ltr'>Quam</span> <span class='ocrx_word' id='word_1_178' title='bbox 681 2094 755 2131; x_wconf 88' lang='lat' dir='ltr'>fuit</span> <span class='ocrx_word' id='word_1_179' title='bbox 784 2094 958 2143; x_wconf 86' lang='lat' dir='ltr'>insignis,</span> <span class='ocrx_word' id='word_1_180' title='bbox 990 2093 1200 2143; x_wconf 77' lang='lat' dir='ltr'>prodolor!</span> <span class='ocrx_word' id='word_1_181' title='bbox 1242 2094 1326 2143; x_wconf 90' lang='lat' dir='ltr'>ipse</span> <span class='ocrx_word' id='word_1_182' title='bbox 1354 2094 1427 2132; x_wconf 91' lang='lat' dir='ltr'>leo.</span> 
     </span>
    </p>

    <p class='ocr_par' dir='ltr' id='par_1_8' title="bbox 520 2157 1552 2208">
     <span class='ocr_line' id='line_1_30' title="bbox 520 2157 1552 2208; baseline 0 -12"><span class='ocrx_word' id='word_1_183' title='bbox 520 2159 725 2208; x_wconf 87' lang='lat' dir='ltr'>Quicquid</span> <span class='ocrx_word' id='word_1_184' title='bbox 753 2159 854 2196; x_wconf 89' lang='lat' dir='ltr'>velle</span> <span class='ocrx_word' id='word_1_185' title='bbox 884 2158 993 2197; x_wconf 91' lang='lat' dir='ltr'>iubet</span> <span class='ocrx_word' id='word_1_186' title='bbox 1021 2159 1223 2196; x_wconf 89' lang='lat' dir='ltr'>asinorum</span> <span class='ocrx_word' id='word_1_187' title='bbox 1252 2159 1347 2207; x_wconf 88' lang='lat' dir='ltr'>legis</span> <span class='ocrx_word' id='word_1_188' title='bbox 1378 2157 1552 2197; x_wconf 89' lang='lat' dir='ltr'>habebat</span> 
     </span>
    </p>

    <p class='ocr_par' dir='ltr' id='par_1_9' title="bbox 520 2224 1430 2273">
     <span class='ocr_line' id='line_1_31' title="bbox 520 2224 1430 2273; baseline 0 -11"><span class='ocrx_word' id='word_1_189' title='bbox 520 2225 644 2271; x_wconf 80' lang='lat' dir='ltr'>Vires,</span> <span class='ocrx_word' id='word_1_190' title='bbox 677 2230 714 2262; x_wconf 90' lang='lat' dir='ltr'>et</span> <span class='ocrx_word' id='word_1_191' title='bbox 744 2224 902 2261; x_wconf 87' lang='lat' dir='ltr'>nouitas</span> <span class='ocrx_word' id='word_1_192' title='bbox 931 2224 991 2261; x_wconf 89' lang='lat' dir='ltr'>ius</span> <span class='ocrx_word' id='word_1_193' title='bbox 1020 2230 1132 2262; x_wconf 89' lang='lat' dir='ltr'>vetus</span> <span class='ocrx_word' id='word_1_194' title='bbox 1163 2235 1283 2261; x_wconf 90' lang='lat' dir='ltr'>omne</span> <span class='ocrx_word' id='word_1_195' title='bbox 1312 2224 1430 2273; x_wconf 88' lang='lat' dir='ltr'>fugat.</span> 
     </span>
    </p>

    <p class='ocr_par' dir='ltr' id='par_1_10' title="bbox 519 2288 1654 2405">
     <span class='ocr_line' id='line_1_32' title="bbox 519 2288 1654 2338; baseline -0.001 -11"><span class='ocrx_word' id='word_1_196' title='bbox 519 2291 573 2328; x_wconf 90' lang='lat' dir='ltr'>Vt</span> <span class='ocrx_word' id='word_1_197' title='bbox 602 2289 770 2327; x_wconf 88' lang='lat' dir='ltr'>stolidos</span> <span class='ocrx_word' id='word_1_198' title='bbox 799 2296 934 2327; x_wconf 88' lang='lat' dir='ltr'>tamen</span> <span class='ocrx_word' id='word_1_199' title='bbox 963 2295 1083 2338; x_wconf 87' lang='lat' dir='ltr'>atque</span> <span class='ocrx_word' id='word_1_200' title='bbox 1112 2289 1230 2327; x_wconf 89' lang='lat' dir='ltr'>rudes</span> <span class='ocrx_word' id='word_1_201' title='bbox 1261 2290 1333 2327; x_wconf 90' lang='lat' dir='ltr'>hos</span> <span class='ocrx_word' id='word_1_202' title='bbox 1363 2301 1450 2327; x_wconf 90' lang='lat' dir='ltr'>mos</span> <span class='ocrx_word' id='word_1_203' title='bbox 1478 2288 1654 2327; x_wconf 87' lang='lat' dir='ltr'>asininus</span> 
     </span>
     <span class='ocr_line' id='line_1_33' title="bbox 521 2353 1362 2405; baseline 0.001 -13"><span class='ocrx_word' id='word_1_204' title='bbox 521 2353 720 2405; x_wconf 86' lang='lat' dir='ltr'>Signabat,</span> <span class='ocrx_word' id='word_1_205' title='bbox 753 2355 862 2404; x_wconf 89' lang='lat' dir='ltr'>quod</span> <span class='ocrx_word' id='word_1_206' title='bbox 891 2355 947 2392; x_wconf 90' lang='lat' dir='ltr'>eis</span> <span class='ocrx_word' id='word_1_207' title='bbox 977 2355 1032 2391; x_wconf 90' lang='lat' dir='ltr'>nil</span> <span class='ocrx_word' id='word_1_208' title='bbox 1061 2355 1228 2392; x_wconf 88' lang='lat' dir='ltr'>racionis</span> <span class='ocrx_word' id='word_1_209' title='bbox 1258 2360 1362 2393; x_wconf 88' lang='lat' dir='ltr'>erat:</span> 
     </span>
    </p>

    <p class='ocr_par' dir='ltr' id='par_1_11' title="bbox 522 2419 1489 2470">
     <span class='ocr_line' id='line_1_34' title="bbox 522 2419 1489 2470; baseline -0.001 -12"><span class='ocrx_word' id='word_1_210' title='bbox 522 2421 573 2458; x_wconf 88' lang='lat' dir='ltr'>Et</span> <span class='ocrx_word' id='word_1_211' title='bbox 603 2420 695 2470; x_wconf 87' lang='lat' dir='ltr'>quia</span> <span class='ocrx_word' id='word_1_212' title='bbox 725 2420 781 2458; x_wconf 91' lang='lat' dir='ltr'>sic</span> <span class='ocrx_word' id='word_1_213' title='bbox 810 2419 938 2458; x_wconf 84' lang='lat' dir='ltr'>fatuos</span> <span class='ocrx_word' id='word_1_214' title='bbox 967 2420 1047 2458; x_wconf 92' lang='lat' dir='ltr'>vidi</span> <span class='ocrx_word' id='word_1_215' title='bbox 1077 2420 1190 2457; x_wconf 91' lang='lat' dir='ltr'>timui</span> <span class='ocrx_word' id='word_1_216' title='bbox 1221 2420 1343 2469; x_wconf 88' lang='lat' dir='ltr'>magis</span> <span class='ocrx_word' id='word_1_217' title='bbox 1373 2419 1489 2468; x_wconf 88' lang='lat' dir='ltr'>ipsos,</span> 
     </span>
    </p>

    <p class='ocr_par' dir='ltr' id='par_1_12' title="bbox 524 2485 1882 2536">
     <span class='ocr_line' id='line_1_35' title="bbox 524 2485 1882 2536; baseline -0.001 -12"><span class='ocrx_word' id='word_1_218' title='bbox 524 2487 610 2525; x_wconf 91' lang='lat' dir='ltr'>Nec</span> <span class='ocrx_word' id='word_1_219' title='bbox 640 2485 761 2524; x_wconf 85' lang='lat' dir='ltr'>dabat</span> <span class='ocrx_word' id='word_1_220' title='bbox 789 2486 949 2524; x_wconf 88' lang='lat' dir='ltr'>vlterius</span> <span class='ocrx_word' id='word_1_221' title='bbox 978 2498 1048 2536; x_wconf 89' lang='lat' dir='ltr'>pes</span> <span class='ocrx_word' id='word_1_222' title='bbox 1078 2485 1198 2523; x_wconf 88' lang='lat' dir='ltr'>michi</span> <span class='ocrx_word' id='word_1_223' title='bbox 1230 2485 1331 2524; x_wconf 85' lang='lat' dir='ltr'>fidus</span> <span class='ocrx_word' id='word_1_224' title='bbox 1362 2485 1443 2523; x_wconf 90' lang='lat' dir='ltr'>iter.</span> <span class='ocrx_word' id='word_1_225' title='bbox 1820 2501 1882 2531; x_wconf 81' lang='lat'>240</span> 
     </span>
    </p>
   </div>
   <div class='ocr_carea' id='block_1_5' title="bbox 412 2610 1884 2704">
    <p class='ocr_par' dir='ltr' id='par_1_13' title="bbox 412 2610 1884 2704">
     <span class='ocr_line' id='line_1_36' title="bbox 461 2610 1884 2656; baseline 0.001 -12"><span class='ocrx_word' id='word_1_226' title='bbox 461 2610 539 2645; x_wconf 88' lang='lat' dir='ltr'>Hic</span> <span class='ocrx_word' id='word_1_227' title='bbox 555 2610 658 2644; x_wconf 85' lang='lat' dir='ltr'>dicit</span> <span class='ocrx_word' id='word_1_228' title='bbox 675 2620 722 2645; x_wconf 87' lang='lat' dir='ltr'>se</span> <span class='ocrx_word' id='word_1_229' title='bbox 740 2620 814 2654; x_wconf 88' lang='lat' dir='ltr'>per</span> <span class='ocrx_word' id='word_1_230' title='bbox 837 2610 1072 2656; x_wconf 87' lang='lat' dir='ltr'>sompnium</span> <span class='ocrx_word' id='word_1_231' title='bbox 1098 2610 1324 2645; x_wconf 88' lang='lat' dir='ltr'>secundam</span> <span class='ocrx_word' id='word_1_232' title='bbox 1341 2610 1457 2653; x_wconf 88' lang='lat' dir='ltr'>vulgi</span> <span class='ocrx_word' id='word_1_233' title='bbox 1479 2611 1659 2645; x_wconf 88' lang='lat' dir='ltr'>turmam</span> <span class='ocrx_word' id='word_1_234' title='bbox 1685 2610 1729 2645; x_wconf 88' lang='lat' dir='ltr'>in</span> <span class='ocrx_word' id='word_1_235' title='bbox 1755 2611 1884 2646; x_wconf 85' lang='lat' dir='ltr'>boues</span> 
     </span>
     <span class='ocr_line' id='line_1_37' title="bbox 412 2669 804 2704; baseline 0 0"><span class='ocrx_word' id='word_1_236' title='bbox 412 2669 571 2704; x_wconf 84' lang='lat' dir='ltr'>vidisse</span> <span class='ocrx_word' id='word_1_237' title='bbox 587 2671 804 2704; x_wconf 85' lang='lat' dir='ltr'>mutatam.</span> 
     </span>
    </p>
   </div>
   <div class='ocr_carea' id='block_1_6' title="bbox 288 2744 1807 2858">
    <p class='ocr_par' dir='ltr' id='par_1_14' title="bbox 288 2744 1807 2858">
     <span class='ocr_line' id='line_1_38' title="bbox 288 2744 1807 2795; baseline 0.001 -14"><span class='ocrx_word' id='word_1_238' title='bbox 288 2747 416 2795; x_wconf 62' lang='lat' dir='ltr'>(japm.</span> <span class='ocrx_word' id='word_1_239' title='bbox 442 2746 493 2783; x_wconf 85' lang='lat' dir='ltr'>iii.</span> <span class='ocrx_word' id='word_1_240' title='bbox 581 2745 684 2783; x_wconf 91' lang='lat' dir='ltr'>Cum</span> <span class='ocrx_word' id='word_1_241' title='bbox 712 2744 856 2794; x_wconf 88' lang='lat' dir='ltr'>quibus</span> <span class='ocrx_word' id='word_1_242' title='bbox 886 2757 979 2783; x_wconf 88' lang='lat' dir='ltr'>ecce</span> <span class='ocrx_word' id='word_1_243' title='bbox 1008 2744 1133 2783; x_wconf 85' lang='lat' dir='ltr'>boues</span> <span class='ocrx_word' id='word_1_244' title='bbox 1161 2744 1324 2782; x_wconf 89' lang='lat' dir='ltr'>veniunt</span> <span class='ocrx_word' id='word_1_245' title='bbox 1353 2756 1454 2793; x_wconf 86' lang='lat' dir='ltr'>quos</span> <span class='ocrx_word' id='word_1_246' title='bbox 1483 2744 1648 2794; x_wconf 89' lang='lat' dir='ltr'>cuspide</span> <span class='ocrx_word' id='word_1_247' title='bbox 1677 2745 1807 2783; x_wconf 89' lang='lat' dir='ltr'>nullus</span> 
     </span>
     <span class='ocr_line' id='line_1_39' title="bbox 528 2808 1439 2858; baseline 0 -10"><span class='ocrx_word' id='word_1_248' title='bbox 528 2811 705 2858; x_wconf 87' lang='lat' dir='ltr'>Pungere</span> <span class='ocrx_word' id='word_1_249' title='bbox 734 2816 828 2847; x_wconf 91' lang='lat' dir='ltr'>tunc</span> <span class='ocrx_word' id='word_1_250' title='bbox 857 2810 969 2857; x_wconf 87' lang='lat' dir='ltr'>ausit,</span> <span class='ocrx_word' id='word_1_251' title='bbox 1001 2810 1124 2848; x_wconf 90' lang='lat' dir='ltr'>immo</span> <span class='ocrx_word' id='word_1_252' title='bbox 1153 2808 1318 2847; x_wconf 87' lang='lat' dir='ltr'>timebat</span> <span class='ocrx_word' id='word_1_253' title='bbox 1347 2821 1439 2848; x_wconf 87' lang='lat' dir='ltr'>eos:</span> 
     </span>
    </p>
   </div>
   <div class='ocr_carea' id='block_1_7' title="bbox 592 2889 1714 2932">
    <p class='ocr_par' dir='ltr' id='par_1_15' title="bbox 592 2889 1714 2932">
     <span class='ocr_line' id='line_1_40' title="bbox 592 2889 1714 2932; baseline 0 -11"><span class='ocrx_word' id='word_1_254' title='bbox 592 2899 658 2930; x_wconf 87' lang='lat'>209</span> <span class='ocrx_word' id='word_1_255' title='bbox 682 2890 813 2930; x_wconf 85' lang='lat' dir='ltr'>possint</span> <span class='ocrx_word' id='word_1_256' title='bbox 831 2890 861 2921; x_wconf 91' lang='lat' dir='ltr'>D</span> <span class='ocrx_word' id='word_1_257' title='bbox 997 2900 1057 2932; x_wconf 83' lang='lat'>231</span> <span class='ocrx_word' id='word_1_258' title='bbox 1084 2889 1161 2921; x_wconf 91' lang='lat' dir='ltr'>Non</span> <span class='ocrx_word' id='word_1_259' title='bbox 1179 2889 1298 2922; x_wconf 86' lang='lat' dir='ltr'>leuiter</span> <span class='ocrx_word' id='word_1_260' title='bbox 1314 2889 1344 2921; x_wconf 92' lang='lat' dir='ltr'>D</span> <span class='ocrx_word' id='word_1_261' title='bbox 1477 2899 1538 2929; x_wconf 83' lang='lat'>232</span> <span class='ocrx_word' id='word_1_262' title='bbox 1562 2889 1667 2921; x_wconf 87' lang='lat' dir='ltr'>vincit</span> <span class='ocrx_word' id='word_1_263' title='bbox 1685 2890 1714 2921; x_wconf 91' lang='lat' dir='ltr'>D</span> 
     </span>
    </p>
   </div>
  </div>
 </body>
</html>
