2095 3173
698 185 885 226 LIBER
927 186 1168 228 SEXTUS
1576 204 1656 242 247

302 291 420 329 Sunt
449 298 604 330 tamen
633 293 823 331 occulte
851 305 1001 340 cause,
1032 305 1146 343 quas
1176 293 1334 332 nullus
1364 294 1412 332 in
1441 295 1554 334 orbe

303 357 434 395 Scire
461 363 628 407 potest,
661 364 729 396 set
758 370 834 396 eas
864 359 953 396 scit
982 359 1128 408 magis
1157 359 1258 409 ipse
1287 359 1426 398 deus:

304 424 468 462 Nescit
497 424 621 462 enim
649 431 794 462 mater
822 431 933 463 nato
962 437 1053 474 que
1083 425 1179 463 fata
1207 432 1443 475 parantur,

304 489 419 527 Fine
447 495 518 527 set
547 489 788 527 occultum
817 489 992 527 clarius
1023 501 1159 527 omne
1187 496 1329 539 patet.

303 553 436 591 Talia
465 566 549 591 vox
577 553 740 603 populi
771 555 1038 592 conclamat
1067 554 1243 604 vbique
1271 556 1489 595 moderni

303 620 358 657 In
387 618 534 663 dubio
563 618 706 668 positi
736 631 816 668 pre
843 619 1080 669 grauitate
1108 620 1242 658 mali:

303 683 378 721 Sic
406 695 491 733 ego
519 683 757 722 condoleo
787 696 928 733 super
957 684 1047 722 hiis
1077 696 1167 733 que
1196 685 1325 723 tedia
1353 698 1507 735 cerno,

302 749 407 797 Quo
437 749 555 798 Regi
584 761 729 798 puero
758 749 937 800 scripta,
961 750 1204 799 sequenda
1233 751 1343 789 fero.
1591 759 1656 800 580

238 897 318 932 Hie
350 897 534 941 loquitur
565 897 687 941 quod,
720 907 854 940 exquo
887 907 1031 932 omnes
1064 898 1308 943 quicumque
1341 901 1482 936 mundi
1515 903 1655 938 status

191 956 268 991 sub
294 956 406 999 regie
429 956 681 999 magestatis
706 956 874 990 iusticia
897 956 1180 997 moderantur,
1203 957 1383 993 intendit
1409 959 1463 993 ad
1483 970 1656 1003 presens

193 1016 470 1058 regnaturo
497 1014 592 1048 iam
618 1013 723 1056 Regi
753 1015 901 1048 nostro
932 1014 1141 1057 quandam
1172 1016 1393 1057 epistolam
1426 1018 1655 1054 doctrine

195 1083 349 1108 causa
375 1072 532 1108 editam
562 1072 744 1106 scribere
775 1075 1092 1115 consequenter,
1120 1083 1172 1107 ex
1197 1083 1280 1117 qua
1304 1074 1373 1109 ille
1398 1086 1472 1111 rex
1498 1078 1654 1118 noster,

194 1132 263 1175 qui

301 1131 423 1166 modo
464 1131 508 1165 in
549 1141 626 1165 sua
660 1130 805 1174 puerili
838 1131 1108 1165 constituitur
1143 1133 1272 1173 etate,
1307 1143 1398 1169 cum
1439 1135 1655 1170 vberiores

193 1193 341 1234 postea
390 1190 616 1233 sumpserit
660 1199 809 1228 annos,
845 1190 990 1232 gracia
1031 1189 1239 1225 mediante
1289 1192 1443 1234 diuina,
1483 1194 1527 1227 in
1567 1195 1655 1229 suis

191 1249 402 1292 regalibus
441 1247 681 1283 exercendis
724 1247 958 1282 euideneius
993 1247 1238 1283 instruatur.
1288 1250 1340 1284 Et
1379 1252 1512 1294 primo
1555 1252 1656 1287 dicit

191 1307 312 1351 quod,
354 1307 546 1350 quamuis
585 1306 741 1348 regalis
785 1306 983 1349 potencia
1024 1307 1326 1350 quodammodo
1373 1320 1500 1353 supra
1539 1312 1656 1354 leges

190 1366 428 1407 extollatur,
455 1365 612 1408 regiam
639 1367 779 1399 tamen
810 1363 929 1399 decet
960 1364 1240 1406 clemenciam,
1275 1368 1383 1410 quod
1416 1369 1506 1412 ipse
1533 1370 1655 1404 bonis

189 1424 377 1458 moribus
417 1423 656 1463 inherendo,
699 1423 819 1466 quasi
862 1423 966 1457 liber
1002 1424 1078 1457 sub
1121 1424 1286 1459 iusticie
1326 1427 1490 1470 legibus
1527 1439 1572 1463 se
1613 1432 1656 1463 et

190 1493 291 1517 suos
315 1482 359 1516 in
385 1484 559 1526 aspectu
583 1481 712 1524 Regis
737 1480 935 1515 altissimi
962 1481 1130 1516 assidue
1155 1483 1371 1526 gubernet.

41 1563 170 1612 Capm.
191 1563 267 1601 viii.

352 1563 536 1612 Cumque
564 1561 624 1600 sui
654 1562 775 1611 Regis
803 1562 878 1611 legi
909 1562 957 1599 sit
986 1562 1108 1611 legius
1137 1563 1266 1601 omnis

298 1628 498 1675 Subditus‚
530 1635 568 1666 et
596 1634 680 1665 toto
709 1640 872 1676 corpore
901 1627 1020 1665 seruit
1048 1628 1094 1674 ei,

299 1694 370 1732 Est
399 1694 451 1731 ita
480 1693 722 1731 conueniens
752 1693 861 1742 quod
890 1705 981 1730 eum
1011 1692 1062 1731 de
1091 1693 1211 1732 corde
1240 1694 1348 1733 fideli

299 1758 448 1796 Mentis
479 1758 519 1795 in
548 1758 690 1795 affectu
719 1757 841 1806 legius
871 1757 1001 1795 omnis
1030 1764 1159 1797 amet:

298 1823 420 1871 Regis
449 1828 488 1860 et
516 1828 574 1860 est
603 1821 815 1870 proprium,
846 1822 1099 1859 commissam
1130 1823 1238 1872 quod
1267 1823 1342 1862 sibi
1371 1824 1529 1874 plebem

300 1887 462 1936 Dirigat,
494 1893 532 1924 et
562 1887 663 1924 iusta
692 1886 776 1935 lege
805 1885 998 1935 gubernet
1027 1899 1127 1925 eam.

300 1952 410 1989 Hinc
438 1958 507 1998 est,
539 1951 648 2000 quod
677 1963 857 1988 normam
887 1951 1038 2000 scriptis
1068 1952 1119 1989 de
1148 1951 1325 2002 pluribus
1354 1960 1479 1992 ortam

299 2017 421 2066 Regis
450 2028 523 2066 ego
552 2016 658 2054 laudi
687 2015 858 2054 scribere
887 2017 1010 2054 tendo
1040 2018 1129 2054 mei.

353 2081 390 2120 O
418 2082 482 2130 pie
510 2093 586 2127 rex,
618 2080 711 2118 audi
740 2093 818 2130 que
846 2081 895 2119 sit
924 2088 991 2119 tua
1019 2082 1152 2130 regula
1181 2083 1299 2132 regni,

300 2192 408 2230 Dixit
437 2192 543 2229 enim
575 2192 728 2238 Daniel,
760 2191 869 2241 quod
899 2192 949 2230 de
978 2192 1199 2230 Senioribus
1228 2201 1312 2231 orta

301 2256 404 2294 Exiit
433 2256 622 2305 impietas,
653 2269 772 2305 quam
801 2257 906 2294 furor
934 2256 1040 2294 orbis
1069 2257 1211 2296 habet:

301 2321 433 2359 Omne
462 2322 570 2370 quod
598 2328 657 2359 est
686 2321 826 2359 mundi
855 2322 999 2359 vicium
1029 2322 1208 2371 plantant
1237 2324 1422 2371 veterani,

300 2387 352 2423 Et
381 2387 491 2435 quasi
520 2386 571 2424 de
598 2393 708 2435 peste
737 2399 868 2435 spersa
897 2399 1050 2424 venena
1080 2394 1224 2425 serunt.

301 2451 458 2488 Horum
488 2463 660 2499 namque
688 2452 815 2489 scelus
844 2451 964 2489 fertur
992 2452 1189 2489 maculare
1218 2452 1359 2501 figuras

301 2515 448 2553 Tocius
477 2516 626 2563 mundi,
658 2528 737 2565 quo
767 2516 858 2553 furit
887 2517 942 2553 ira
971 2516 1045 2554 dei.

303 2581 469 2628 Iamque
497 2581 736 2628 supercreuit
765 2581 879 2619 dolus
909 2587 947 2618 et
977 2580 1120 2618 defecit
1149 2581 1345 2629 honestas,

302 2645 427 2682 Sentit
456 2651 494 2682 et
523 2644 778 2693 opprobrium
806 2645 916 2695 quod
944 2645 1016 2682 fuit
1044 2651 1136 2682 ante
1165 2645 1299 2684 decus.
1563 2650 1649 2695 580*

239 2731 320 2770 Cap.
336 2729 405 2761 viii.
421 2728 579 2770 Heading
592 2740 611 2769 3
627 2731 827 2772 regnaturo]
845 2730 1120 2762 excelentissimo
1135 2730 1164 2761 T
1181 2731 1263 2771 (text
1277 2743 1352 2763 over
1364 2744 1493 2766 erasure
1507 2735 1649 2778 SCHG)

195 2784 346 2815 doctrine
363 2782 481 2823 causa]
498 2783 532 2812 in
547 2782 618 2813 eius
634 2783 766 2813 honore
781 2783 810 2813 T
827 2785 906 2824 (text
921 2794 997 2814 over
1009 2793 1139 2813 erasure
1155 2783 1300 2825 SCHG)

239 2835 322 2874 576*
346 2836 389 2866 de
406 2839 503 2874 peste
521 2834 569 2865 H2
590 2848 592 2851 ·
614 2834 747 2874 depiste
763 2835 792 2866 T
924 2836 1007 2874 579*
1031 2835 1245 2874 supercernit
1261 2836 1289 2867 T
1420 2838 1534 2870 deficit
1549 2839 1578 2870 T
