2121 3173
676 222 678 224 i
709 225 863 267 LAST
905 225 1108 267 POEMS
1564 229 1644 279 367

174 716 360 807 Orate
393 727 467 761 pro
501 717 643 752 anima
675 717 879 752 Iohannis
914 717 1073 753 Gower.
1127 717 1377 762 Quicumque
1419 716 1529 752 enim
1569 727 1643 762 pro

291 776 434 811 anima
459 776 592 820 ipsius
616 775 821 810 Iohannis
853 775 1003 810 deuote
1030 776 1228 818 orauerit,
1254 776 1418 810 tociens
1442 775 1643 819 quociens

171 834 281 869 Mille
312 834 566 879 quingentos
599 834 689 868 dies
718 834 983 877 indulgencie
1013 835 1066 868 ab
1100 834 1278 869 ecclesia
1304 835 1386 869 rite
1416 844 1642 870 concessos

171 892 500 928 misericorditer
526 893 569 926 in
594 892 763 926 domino
790 892 1032 937 possidebit.

223 1021 303 1059 CH
325 1033 368 1058 as
387 1021 521 1058 above:
555 1020 591 1057 G
611 1032 655 1056 as
659 1018 818 1067 follows
837 1033 844 1056 :

174 1096 459 1186 Orantibus
484 1106 559 1139 pro
588 1095 731 1128 anima
756 1093 959 1129 Iohannis
987 1094 1138 1128 Gower
1166 1093 1279 1128 mille
1305 1094 1525 1138 quingenti
1550 1094 1640 1129 dies

291 1154 552 1198 indulgencie
570 1153 897 1188 misericorditer
915 1153 959 1186 in
976 1152 1145 1187 domino
1165 1152 1458 1189 conceduntur.

501 1234 655 1286 (Sln’eld
670 1234 717 1283 of
727 1247 834 1272 arms
852 1235 966 1272 borne
985 1235 1030 1282 by
1050 1239 1126 1272 two
1145 1234 1304 1285 augels.)

332 1322 526 1373 Armigeri
555 1329 711 1361 scutum
740 1321 862 1360 nichil
890 1322 1080 1360 ammodo
1110 1322 1182 1359 fert
1211 1320 1286 1360 sibi
1314 1328 1455 1368 tutum,

279 1388 472 1427 Reddidit
501 1387 624 1425 immo
654 1389 780 1425 lutum
810 1386 926 1424 morti
954 1388 1135 1436 generale
1164 1385 1366 1424 tributum.

278 1453 442 1503 Spiritus
472 1460 633 1490 exutum
664 1465 705 1490 se
734 1452 904 1500 gaudeat
933 1464 1018 1489 esse
1048 1453 1232 1497 solutum,

279 1520 350 1556 Est
379 1517 444 1556 vbi
473 1517 661 1555 virtutum
691 1529 855 1566 regnum
885 1515 969 1554 sine
998 1515 1086 1554 labe
1115 1522 1317 1553 statutum,

488 1603 543 1655 (A
564 1604 653 1652 bier,
676 1604 772 1642 willa
792 1604 923 1641 candle
943 1607 987 1641 at
1004 1603 1104 1641 laead
1120 1603 1202 1640 and
1207 1601 1323 1653 foot.)

389 2007 581 2034 NANIMES
611 2009 696 2035 esse
726 1995 794 2046 qui
823 1997 956 2034 secula
985 1996 1095 2035 duxit
1123 1997 1174 2035 ad
1204 2009 1289 2035 esse

415 2063 500 2100 Nos
530 2061 639 2099 iubet
668 2074 859 2111 expresse,
891 2060 984 2111 quia
1012 2062 1131 2100 debet
1160 2075 1271 2100 amor
1300 2074 1502 2112 superesse
1517 2076 1528 2110 ;

278 2128 360 2165 Lex
389 2140 480 2164 cum
509 2126 591 2164 iure
617 2127 742 2173 datur,
773 2139 848 2176 pax
876 2127 1031 2176 gaudet,
1063 2126 1176 2176 plebs
1205 2128 1429 2176 gratulatur,

278 2193 463 2242 Regnum
494 2192 678 2238 firmatur,
709 2190 775 2229 vbi
804 2204 917 2229 verus
947 2203 1057 2228 amor
1087 2191 1336 2229 dominatur:

277 2256 386 2294 Sicut
414 2269 550 2306 yemps
580 2257 728 2303 florem,
759 2255 902 2294 diuisio
932 2263 1092 2305 quassat
1121 2269 1308 2302 amorem,

277 2321 410 2359 Nutrit
439 2329 477 2359 et
506 2334 677 2360 errorem
706 2320 819 2371 quasi
847 2320 967 2371 pestis
997 2320 1156 2371 agitque
1185 2322 1374 2359 dolorem.

278 2387 399 2435 Quod
429 2385 615 2436 precessit
644 2385 727 2424 heri
756 2387 874 2424 docet
902 2385 977 2423 ista
1005 2385 1151 2435 pericla
1179 2385 1317 2432 timeri,

276 2452 331 2488 Vt
360 2450 514 2489 discant
541 2451 622 2489 veri
651 2450 848 2501 sapientes
878 2452 982 2489 secla
1011 2449 1171 2488 mederi.

277 2514 398 2553 Filius
427 2515 510 2565 ipse
539 2515 615 2563 dei,
647 2523 781 2553 manet
809 2515 850 2552 in
879 2528 960 2565 quo
990 2527 1078 2564 spes
1108 2513 1268 2564 requiei,

278 2581 338 2618 Ex
367 2580 513 2619 meritis
542 2580 635 2619 fidei
664 2580 804 2631 dirigat
832 2587 920 2618 acta
949 2579 1014 2618 rei.
1594 2595 1633 2618 10

657 2681 908 2725 Diligamus
937 2680 1145 2717 invicem.

212 2787 420 2818 ‘Vnanimes
441 2785 536 2817 esse'
567 2788 628 2818 &o
682 2786 759 2818 This
785 2785 858 2817 and
881 2786 931 2817 tlze
956 2786 1039 2817 three
1066 2786 1254 2828 remaining
1270 2786 1372 2828 pieces
1394 2796 1450 2818 are
1460 2786 1581 2827 sound
1599 2788 1632 2818 in

168 2838 277 2879 CHG‚
297 2839 374 2879 and,
392 2841 495 2879 except
509 2838 559 2869 the
573 2837 696 2877 second,
716 2838 786 2869 also
801 2839 835 2869 in
854 2838 881 2868 E

212 2900 232 2931 5
249 2891 383 2933 margin
401 2891 490 2922 Nota
506 2900 568 2931 pro
585 2900 699 2921 amore
717 2890 745 2921 E
859 2900 881 2930 9
898 2888 987 2931 ipse]
1005 2888 1062 2921 ille
1080 2889 1107 2920 E
1153 2889 1340 2929 Diligamus
1356 2889 1501 2922 invicem
1517 2901 1582 2922 om.
1604 2890 1630 2921 E
