2095 3173
678 203 866 245 LIBER
904 203 1178 245 TERCIUS
1582 218 1660 257 139

302 310 444 348 Exulat
472 309 538 348 hic
566 310 617 349 de
645 309 762 360 plebe
790 308 856 348 dei
884 308 952 360 qui
976 315 1115 359 peccat
1142 307 1183 347 in
1212 307 1307 355 istis,

301 376 420 414 Tales
448 388 541 413 nam
570 374 679 426 pellit
708 374 860 415 Cristus
888 374 940 413 ab
969 375 1043 413 ede
1072 387 1153 412 sua.

241 532 321 568 Hic
361 532 543 576 loquitur
584 532 766 577 qualiter
806 533 931 576 signa
966 532 1190 567 Anticristi
1226 532 1270 566 in
1305 531 1430 566 Curia
1467 531 1661 566 Romana

199 592 393 636 precipue
419 601 472 626 ex
498 591 686 625 auaricia
711 591 937 626 seeundum
962 591 1164 635 quosdam
1189 591 1481 635 apparuerunt.

7 675 18 706 Ἀ
55 672 181 723 Capm.
205 671 294 710 xiiii.
382 673 498 710 Plura
525 673 704 710 locutura
733 683 845 710 mens
874 670 1008 710 deficit
1035 670 1119 721 ipsa
1148 670 1299 718 timore,

306 736 471 775 Labitur
499 736 685 787 exanguis
714 743 753 775 et
782 737 1010 775 tremefacta
1038 736 1125 775 silet
1140 750 1151 783 ;

307 801 441 841 Huius
471 801 577 841 enim
606 801 696 840 vicii
725 801 846 840 michi
875 808 1034 852 tangere
1064 801 1094 839 si
1124 801 1214 840 licet
1242 803 1330 849 vlla,

305 867 435 906 Testis
464 866 536 906 erit
565 866 716 907 Cristus
747 868 957 916 Romaque
986 873 1068 904 tota
1096 866 1223 904 simul.

308 933 440 971 Roma
469 945 609 970 manus
638 931 742 971 rodit
771 945 852 970 non
881 932 1032 979 dantes,
1064 931 1212 982 spernit
1240 938 1279 970 et
1307 931 1402 978 odit,

307 999 472 1036 Donum
501 1011 573 1048 pro
602 998 711 1036 dono
739 996 795 1036 sic
823 996 928 1047 capit
956 996 1086 1035 omnis
1114 998 1248 1035 homo.

306 1064 400 1101 Non
430 1070 488 1101 est
515 1069 700 1113 acceptor
728 1075 984 1112 personarum
1013 1063 1123 1109 deus,
1154 1061 1278 1100 immo

306 1128 470 1167 Gracior
497 1127 667 1166 intendit
694 1127 848 1166 actibus
877 1126 961 1177 ipse
989 1126 1060 1165 viri
1075 1141 1085 1174 ς
1583 1141 1667 1163 1200

312 1192 454 1231 Gracia
483 1199 541 1231 set
569 1199 703 1230 nostra
731 1198 885 1229 tantum
915 1204 1015 1241 quos
1044 1191 1218 1229 mundus
1244 1190 1288 1228 'in
1317 1203 1413 1228 auro

314 1257 435 1304 Ditat‚
467 1270 548 1295 non
577 1255 674 1294 alios
703 1255 846 1306 accipit
874 1255 940 1293 illa
967 1254 1081 1293 viros.

310 1321 391 1372 Qui
420 1321 596 1372 precium
625 1320 737 1372 ponit
765 1320 878 1359 diues
907 1320 1079 1370 preciata
1107 1327 1279 1371 reportat

310 1389 490 1434 Munera,
522 1399 615 1424 nam
645 1385 711 1424 tali
740 1385 847 1424 curia
875 1393 958 1424 tota
986 1387 1115 1424 fauet:

312 1453 531 1491 Assumens
561 1452 693 1490 oleum
723 1464 859 1489 secum
888 1464 970 1488 non
999 1450 1116 1488 intrat
1144 1449 1306 1497 ibidem,

311 1519 442 1555 Aurea
470 1516 511 1554 ni
540 1518 667 1555 valeat
695 1529 838 1566 vngere
860 1523 976 1566 ¹gutta
1000 1529 1192 1554 manum:

310 1581 438 1632 Copia
465 1581 520 1620 nil
550 1595 704 1620 morum
733 1582 885 1620 confert
913 1581 979 1620 vbi
1008 1581 1141 1620 deficit
1169 1594 1320 1628 aurum,

313 1648 419 1685 Nam
448 1646 569 1685 virtus
598 1646 764 1698 inopum
793 1648 901 1685 nulla
929 1654 1100 1685 meretur
1128 1659 1258 1696 opem.

310 1714 419 1751 Auro
449 1712 481 1750 si
510 1713 651 1763 pulses,
682 1711 857 1759 intrabis,
888 1718 927 1750 et
956 1711 1053 1750 illud
1082 1711 1248 1750 habebis

312 1778 434 1827 Quod
463 1777 574 1828 petis,
606 1784 644 1816 et
673 1778 825 1816 donum
855 1778 927 1815 fert
956 1776 1027 1815 tibi
1057 1778 1164 1815 dona
1192 1783 1328 1814 tuum:
1587 1790 1672 1812 1210

313 1842 354 1881 Si
383 1842 454 1881 tibi
483 1842 540 1880 vis
570 1843 684 1881 detur
712 1843 826 1892 large,
855 1842 910 1880 da
939 1854 1103 1879 munera
1131 1842 1246 1890 larga,

315 1909 421 1946 Nam
451 1906 483 1945 si
511 1920 638 1957 pauca
666 1919 781 1953 seras,
813 1905 962 1956 premia
990 1918 1117 1956 pauca
1145 1912 1280 1943 metes.

370 1971 480 2021 Quid
509 1971 625 2010 faciet
654 1971 839 2021 sapiens?
878 1972 1018 2008 stultus
1047 1971 1098 2009 de
1127 1982 1290 2008 munere
1318 1969 1474 2019 gaudet.

316 2036 434 2075 Dicat
462 2038 513 2075 ad
543 2037 616 2075 hec
645 2037 782 2083 clerus,
814 2034 881 2086 qui
911 2035 1011 2086 sapit
1039 2034 1112 2073 ista
1141 2034 1275 2084 magis.

318 2104 497 2149 Munera,
530 2102 646 2141 crede
676 2100 808 2148 michi,
840 2099 1001 2150 capiunt
1029 2099 1292 2149 hominesque
1321 2100 1509 2148 deosque,

12 2190 20 2215 .
317 2168 498 2205 Placatur
526 2165 641 2205 donis
671 2165 795 2203 maior
824 2164 864 2202 in
893 2164 988 2202 orbe
1017 2163 1142 2203 datis:

14 2234 15 2237 ’
316 2233 384 2271 Set
412 2245 503 2270 cum
532 2244 604 2282 pro
633 2232 785 2270 mundo
815 2230 959 2268 tribuat
988 2243 1059 2268 sua
1087 2242 1251 2268 munera
1280 2228 1429 2275 Simon,

317 2299 527 2335 Promotus
558 2295 674 2336 Cristi
703 2309 785 2335 non
814 2295 885 2334 erit
913 2295 1007 2334 inde
1036 2294 1107 2333 sui.

316 2364 372 2401 Vt
400 2361 559 2401 veniant
586 2363 638 2401 ad
666 2375 788 2412 aquas
817 2360 1000 2400 sicientes
1029 2367 1171 2411 sponte
1199 2358 1335 2398 citauit

321 2425 482 2474 Cristus,
514 2433 553 2465 et
581 2439 675 2465 ecce
704 2439 776 2465 suo
805 2426 914 2465 fonte
940 2424 1087 2464 cibauit
1117 2437 1184 2462 eos
1199 2438 1210 2471 3
1593 2438 1676 2460 1220

9 2519 19 2910 Ι
321 2489 513 2529 Fontibus
543 2497 581 2528 et
609 2490 752 2528 nostris
781 2489 922 2529 siciens
952 2502 1033 2527 non
1062 2487 1214 2527 hauriet
1242 2488 1341 2525 vllus

321 2554 487 2604 Absque
514 2554 610 2593 lucri
639 2554 776 2605 pretio,
808 2556 917 2606 quod
946 2553 1056 2592 dabit
1085 2552 1168 2602 ipse
1197 2551 1314 2602 prius.

320 2620 505 2658 Vendere
533 2618 629 2668 quid
658 2632 729 2669 pro
758 2631 838 2669 quo
867 2619 1011 2656 modus
1040 2624 1098 2656 est
1127 2629 1246 2667 quem
1275 2614 1382 2654 curia
1410 2622 1542 2653 nostra

323 2684 471 2730 Seruat,
503 2689 541 2721 et
569 2682 713 2721 auxilio
743 2682 914 2721 Simonis
944 2681 1029 2733 ipsa
1056 2680 1186 2730 viget:

323 2747 442 2789 Curia
470 2754 603 2785 nostra
630 2746 756 2785 virum
785 2746 897 2786 nouit
926 2745 1010 2785 sine
1039 2756 1201 2783 munere
1230 2744 1393 2790 nullum,

495 2864 577 2894 1214
600 2854 643 2886 ad
660 2854 723 2886 hee
740 2853 987 2886 CEHGDTH2
1031 2852 1074 2884 ad
1090 2851 1154 2882 hoc
1172 2850 1199 2881 L
1244 2855 1279 2881 et
1296 2849 1359 2881 hec
1376 2848 1401 2881 S
