2121 3173
471 223 556 263 340

176 1446 341 1487 Qualiter,
361 1447 460 1480 finito
474 1459 549 1489 par-

132 1490 306 1527 liamento,
329 1493 416 1524 infra
439 1493 547 1524 breue

131 1540 210 1575 post
228 1536 363 1575 quidam
387 1537 479 1577 impii
494 1537 548 1568 in-

131 1580 279 1618 stigante
289 1580 436 1621 diabolo,
450 1586 486 1612 vt
497 1582 547 1621 ip-

130 1623 158 1653 si
182 1624 274 1663 pium
298 1624 431 1664 Regem
449 1624 549 1656 Hen-

130 1677 236 1698 ricum
268 1677 343 1699 cum
374 1679 437 1699 sua
468 1679 548 1709 pro-

129 1711 231 1749 genie
241 1722 260 1742 a
274 1717 366 1742 terra
375 1712 545 1752 delerent,

129 1755 320 1794 proditorie
346 1756 547 1796 conspiran-

129 1804 181 1829 tes
272 1800 545 1839 insurrexerunt,

129 1853 215 1881 quos
237 1843 286 1874 ira
310 1844 364 1874 dei
390 1845 546 1883 preueni·

129 1897 191 1918 ens
211 1887 245 1917 in
262 1887 340 1917 villa
362 1887 406 1918 de
427 1887 545 1919 Circe-

129 1931 211 1961 stria
232 1941 295 1970 per
317 1941 437 1962 manus
453 1932 545 1972 vulgi

129 1975 330 2006 interfectos
342 1975 546 2008 miraculose

129 2018 310 2050 destruxit.

170 2796 325 2835 Qualiter
353 2799 443 2837 regis
470 2799 538 2828 nati

125 2840 159 2870 in
181 2842 336 2872 custodia
364 2846 442 2873 tunc
466 2841 538 2874 Ma-

965 210 1247 252 CRONICA
1285 210 1675 251 TRIPERTITA

686 318 808 367 Quod
837 317 892 355 nil
921 318 1086 356 mortale
1115 317 1231 355 datur
1259 315 1334 354 illis
1362 315 1548 355 iudiciale
1562 331 1572 364 ;

686 385 756 421 Est
785 390 919 421 tamen
946 382 1136 429 ablatum,
1167 382 1277 432 quod
1306 381 1362 420 eis
1391 381 1463 420 fuit
1491 389 1584 420 ante
1612 381 1786 429 beatum,

684 447 863 487 Vocibus
892 448 1115 498 Anglorum
1143 446 1369 486 venerabile
1397 460 1546 486 nomen
1576 460 1741 495 eorum3

685 514 863 564 Corpora
891 520 996 552 stant
1024 520 1120 561 tuta,
1152 512 1296 552 cecidit
1325 520 1384 551 set
1413 514 1518 552 fama
1547 513 1710 560 minuta,

685 580 776 618 Dux
805 579 906 619 redit
934 579 975 618 in
1005 579 1218 627 Comitem,
1250 579 1376 630 quatit
1405 587 1444 618 et
1473 579 1529 618 sic
1557 578 1666 618 curia
1692 578 1814 625 litem,

682 645 848 684 Labitur
877 659 1020 684 exosus
1050 647 1188 696 Bagot,
1220 659 1341 696 quem
1371 658 1436 684 rex
1465 644 1643 696 pietosus

683 710 818 761 Erigit,
849 718 888 749 et
917 710 1013 749 mite
1040 712 1248 762 prolongat
1276 718 1457 762 tempora
1484 710 1573 749 vite.

681 776 745 815 Sic
774 776 862 826 pius
893 776 1105 825 Henricus,
1134 776 1299 816 inimico
1327 790 1408 815 non
1436 776 1633 824 inimicus,
1992 791 2056 824 390

683 842 859 890 Gracius,
891 850 932 881 vt
961 843 1092 890 debet,
1123 856 1195 893 pro
1224 843 1402 893 dampno
1432 843 1647 881 commoda
1676 841 1843 892 prebet;

682 909 774 958 Ipse
803 908 914 958 pium
942 909 1098 947 frenum
1127 909 1241 956 laxat,
1273 907 1366 958 quia
1395 916 1551 958 tempus
1580 921 1769 946 amenum

679 974 854 1024 Appetit‚
887 981 926 1013 et
956 973 1086 1014 Cristo
1116 973 1311 1025 placuisse
1338 973 1494 1024 putauit
1522 973 1564 1011 in
1593 973 1680 1012 isto.

680 1040 775 1078 Non
805 1047 939 1079 tamen
968 1039 1009 1078 in
1037 1047 1155 1091 gente
1183 1041 1313 1091 placet
1342 1041 1431 1087 hoc,
1463 1046 1521 1078 set
1550 1039 1591 1078 in
1621 1052 1688 1078 ore
1716 1040 1906 1089 loquente

680 1105 845 1144 Publica
874 1119 950 1144 vox
978 1105 1086 1154 dicit,
1117 1107 1222 1157 leges
1252 1106 1362 1156 quod
1391 1118 1623 1144 mammona
1650 1103 1743 1143 vicit
1759 1119 1769 1152 ;

681 1171 885 1210 Iusticiam
916 1171 1026 1222 queri
1055 1172 1168 1222 plebs
1198 1172 1291 1219 vult,
1324 1185 1389 1210 rex
1418 1172 1501 1209 vult
1531 1170 1716 1217 misereri,

681 1238 731 1276 Et
760 1237 816 1276 sic
846 1239 1004 1276 fortuna
1031 1251 1103 1289 pro
1132 1245 1311 1288 tempore
1339 1250 1422 1275 non
1450 1236 1523 1275 fuit
1551 1249 1655 1274 vna:

680 1304 767 1342 Rex
796 1311 1013 1351 excusatur,
1045 1317 1138 1342 nam
1168 1303 1306 1342 dicunt
1336 1304 1447 1353 quod
1475 1302 1644 1341 variatur

679 1368 858 1408 Consilio
888 1369 967 1417 tali,
997 1383 1078 1420 quo
1107 1382 1167 1408 res
1196 1370 1290 1408 latet
1319 1368 1360 1407 in
1389 1368 1564 1419 speciali.

733 1435 916 1484 Quatuor
942 1443 1123 1474 auctores
1152 1434 1319 1481 sceleris,
1352 1436 1455 1473 Iuda
1483 1434 1704 1485 nequiores,
1987 1449 2051 1482 400

679 1499 759 1538 Ore
788 1500 938 1538 dabant
967 1501 1115 1547 laudes,
1147 1500 1267 1538 tacito
1297 1501 1372 1538 sub
1401 1501 1602 1550 cordeque
1629 1501 1816 1547 fraudes,-

680 1566 856 1612 Holand,
890 1567 1011 1613 Kent,
1043 1566 1193 1612 Sarum,
1226 1566 1406 1616 Spenser,
1438 1565 1551 1615 quasi
1578 1565 1678 1604 fellis
1707 1578 1896 1611 amarum,

679 1631 830 1669 Federa
859 1630 1107 1678 strinxerunt,
1139 1630 1283 1680 quibus
1315 1632 1369 1668 H.
1401 1631 1591 1669 seducere
1620 1638 1801 1681 querunt.

678 1696 823 1735 Viuere
853 1710 953 1747 quos
983 1696 1075 1735 fecit
1103 1696 1191 1747 pius
1224 1698 1291 1744 H.,
1323 1710 1397 1735 nec
1427 1696 1482 1735 eis
1511 1697 1615 1735 male
1644 1696 1747 1744 fecit,

677 1761 749 1800 Hii
779 1764 883 1800 mala
911 1762 1137 1801 coniectant
1166 1762 1206 1800 in
1236 1775 1339 1810 eum,
1372 1775 1493 1813 quem
1521 1763 1686 1813 perdere
1716 1770 1924 1813 spectant;

679 1829 732 1866 H.
765 1828 913 1867 etenim
942 1841 1082 1879 pacem
1112 1827 1223 1867 dedit
1251 1827 1337 1875 illis,
1370 1827 1505 1878 hiique
1535 1827 1733 1866 minacem

677 1892 772 1931 Eius
803 1893 994 1944 spirantes
1032 1902 1202 1933 mortem
1230 1902 1322 1932 sunt
1350 1906 1458 1932 arma
1486 1901 1693 1944 parantes:

675 1958 739 1997 Sic
769 1959 886 1998 nimis
915 1959 1055 2011 ingrati
1084 1961 1187 1998 mala
1216 1959 1437 1998 retribuunt
1466 1958 1645 2006 bonitati,

677 2026 725 2062 In
754 2032 874 2075 caput
902 2025 1059 2064 illorum
1088 2033 1221 2064 tamen
1252 2034 1310 2064 est
1339 2024 1514 2064 vindicta
1543 2026 1749 2063 malorum.

674 2091 791 2138 Nam,
824 2090 892 2140 qui
921 2098 1157 2130 cunctorum
1186 2090 1391 2141 cognoscit
1419 2092 1541 2129 corda
1568 2090 1752 2137 virorum,
1979 2107 2043 2137 410

674 2154 834 2205 Detegit
863 2157 1029 2202 occulta,
1061 2155 1205 2205 quibus
1234 2155 1379 2194 accidit
1408 2155 1510 2194 vlcio
1539 2156 1687 2193 multa:

671 2219 776 2258 Cum
805 2219 929 2269 magis
958 2219 1158 2258 instabant
1187 2219 1400 2270 subitoque
1428 2232 1571 2258 nocere
1600 2219 1804 2269 putabant,

671 2286 731 2323 Ex
759 2284 976 2335 improuiso
1005 2284 1162 2335 periunt
1191 2284 1419 2323 discrimine
1447 2284 1543 2322 viso.

671 2351 745 2388 Per
774 2351 861 2388 loca
890 2349 1046 2388 diuersa
1074 2348 1146 2387 fuit
1175 2350 1317 2387 horum
1347 2348 1489 2387 concio
1519 2362 1662 2399 spersa,

670 2415 782 2464 Quos
812 2416 910 2453 deus
940 2413 1113 2462 extinxit,
1145 2427 1219 2453 nec
1249 2413 1290 2451 in
1319 2415 1396 2452 hoc
1427 2413 1615 2452 miracula
1644 2414 1782 2462 finxit;

672 2482 733 2519 De
762 2482 912 2531 populo
940 2479 1075 2531 patrie,
1107 2487 1201 2518 nato
1230 2479 1446 2517 comitante
1475 2479 1614 2527 Mane,

670 2547 852 2595 Quatuor
879 2544 971 2584 elati
999 2544 1198 2595 perierunt
1218 2543 1440 2594 decapitati.

668 2612 774 2649 Ecce
803 2610 868 2649 dei
898 2613 1067 2649 munus!
1096 2610 1266 2660 populus
1295 2609 1409 2659 quasi
1438 2610 1495 2649 vir
1522 2611 1622 2650 foret
1651 2624 1762 2655 vnus,

667 2675 796 2726 Surgit
824 2677 875 2714 ad
905 2689 1026 2714 omne
1053 2677 1165 2722 latus,
1197 2674 1246 2712 sit
1275 2682 1315 2712 vt
1347 2677 1400 2713 H.
1430 2675 1485 2714 ita
1513 2675 1755 2714 fortificatus.

721 2741 843 2790 Quod
873 2740 965 2779 satis
995 2748 1054 2780 est
1082 2753 1226 2786 carum,
1259 2739 1446 2779 concines
1476 2740 1777 2779 Londoniarum
1969 2758 2034 2789 420

667 2805 824 2844 Nobilis
855 2805 1022 2845 Henrici
1049 2813 1236 2845 steterant
1265 2813 1492 2844 constanter
1519 2805 1660 2844 amici:

1139 2897 1203 2925 404
1229 2885 1398 2918 malefecit
1415 2886 1442 2918 C
