<?xml version="1.0" encoding="UTF-8"?>
<!DOCTYPE html PUBLIC "-//W3C//DTD XHTML 1.0 Transitional//EN"
    "http://www.w3.org/TR/xhtml1/DTD/xhtml1-transitional.dtd">
<html xmlns="http://www.w3.org/1999/xhtml" xml:lang="en" lang="en">
 <head>
  <title>
</title>
<meta http-equiv="Content-Type" content="text/html;charset=utf-8" />
  <meta name='ocr-system' content='tesseract 3.04.00' />
  <meta name='ocr-capabilities' content='ocr_page ocr_carea ocr_par ocr_line ocrx_word'/>
</head>
<body>
  <div class='ocr_page' id='page_1' title='image "./completeworksofj04gowe_0307.png"; bbox 0 0 2095 3173; ppageno 0'>
   <div class='ocr_carea' id='block_1_1' title="bbox 7 0 52 3173">
    <p class='ocr_par' dir='ltr' id='par_1_1' title="bbox 7 0 52 3173">
     <span class='ocr_line' id='line_1_1' title="bbox 7 0 52 3173; baseline 0 0"><span class='ocrx_word' id='word_1_1' title='bbox 7 0 52 3173; x_wconf 95' lang='lat' dir='ltr'> </span> 
     </span>
    </p>
   </div>
   <div class='ocr_carea' id='block_1_2' title="bbox 718 220 1229 270">
    <p class='ocr_par' dir='ltr' id='par_1_2' title="bbox 718 220 1229 270">
     <span class='ocr_line' id='line_1_2' title="bbox 718 220 1229 270; baseline 0.002 -10"><span class='ocrx_word' id='word_1_2' title='bbox 718 220 905 260; x_wconf 86' lang='lat' dir='ltr'><strong>LIBER</strong></span> <span class='ocrx_word' id='word_1_3' title='bbox 946 220 1229 270; x_wconf 81' lang='lat' dir='ltr'><strong>QUINTUS</strong></span> 
     </span>
    </p>
   </div>
   <div class='ocr_carea' id='block_1_3' title="bbox 335 326 1531 2917">
    <p class='ocr_par' dir='ltr' id='par_1_3' title="bbox 346 326 1421 440">
     <span class='ocr_line' id='line_1_3' title="bbox 346 326 1421 375; baseline 0 -12"><span class='ocrx_word' id='word_1_4' title='bbox 346 326 456 363; x_wconf 89' lang='lat' dir='ltr'>Dum</span> <span class='ocrx_word' id='word_1_5' title='bbox 485 332 564 364; x_wconf 90' lang='lat' dir='ltr'>tarn</span> <span class='ocrx_word' id='word_1_6' title='bbox 595 327 799 364; x_wconf 89' lang='lat' dir='ltr'>mirificam</span> <span class='ocrx_word' id='word_1_7' title='bbox 829 327 951 365; x_wconf 90' lang='lat' dir='ltr'>voluit</span> <span class='ocrx_word' id='word_1_8' title='bbox 980 326 1054 365; x_wconf 90' lang='lat' dir='ltr'>sibi</span> <span class='ocrx_word' id='word_1_9' title='bbox 1084 333 1218 364; x_wconf 91' lang='lat' dir='ltr'>mente</span> <span class='ocrx_word' id='word_1_10' title='bbox 1246 326 1421 375; x_wconf 88' lang='lat' dir='ltr'>figuram,</span> 
     </span>
     <span class='ocr_line' id='line_1_4' title="bbox 347 391 1178 440; baseline 0.001 -12"><span class='ocrx_word' id='word_1_11' title='bbox 347 391 439 440; x_wconf 89' lang='lat' dir='ltr'>Ipse</span> <span class='ocrx_word' id='word_1_12' title='bbox 468 392 624 430; x_wconf 90' lang='lat' dir='ltr'>volutus</span> <span class='ocrx_word' id='word_1_13' title='bbox 653 404 700 430; x_wconf 87' lang='lat' dir='ltr'>ea</span> <span class='ocrx_word' id='word_1_14' title='bbox 729 405 809 430; x_wconf 89' lang='lat' dir='ltr'>non</span> <span class='ocrx_word' id='word_1_15' title='bbox 839 393 1040 430; x_wconf 90' lang='lat' dir='ltr'>reuolutus</span> <span class='ocrx_word' id='word_1_16' title='bbox 1069 391 1151 430; x_wconf 88' lang='lat' dir='ltr'>abit</span> <span class='ocrx_word' id='word_1_17' title='bbox 1168 406 1178 440; x_wconf 80' lang='lat'><em>3</em></span> 
     </span>
    </p>

    <p class='ocr_par' dir='ltr' id='par_1_4' title="bbox 345 456 1417 571">
     <span class='ocr_line' id='line_1_5' title="bbox 345 456 1417 507; baseline 0.001 -14"><span class='ocrx_word' id='word_1_18' title='bbox 345 457 439 494; x_wconf 90' lang='lat' dir='ltr'>Non</span> <span class='ocrx_word' id='word_1_19' title='bbox 470 457 574 506; x_wconf 83' lang='lat' dir='ltr'>capit</span> <span class='ocrx_word' id='word_1_20' title='bbox 603 458 771 495; x_wconf 86' lang='lat' dir='ltr'>exterius</span> <span class='ocrx_word' id='word_1_21' title='bbox 801 457 898 507; x_wconf 89' lang='lat' dir='ltr'>quid</span> <span class='ocrx_word' id='word_1_22' title='bbox 926 464 1054 506; x_wconf 91' lang='lat' dir='ltr'>preter</span> <span class='ocrx_word' id='word_1_23' title='bbox 1081 469 1168 495; x_wconf 88' lang='lat' dir='ltr'>eam</span> <span class='ocrx_word' id='word_1_24' title='bbox 1199 456 1272 494; x_wconf 93' lang='lat' dir='ltr'>sibi</span> <span class='ocrx_word' id='word_1_25' title='bbox 1302 457 1417 503; x_wconf 90' lang='lat' dir='ltr'>visus,</span> 
     </span>
     <span class='ocr_line' id='line_1_6' title="bbox 346 521 1266 571; baseline 0 -12"><span class='ocrx_word' id='word_1_26' title='bbox 346 521 506 570; x_wconf 86' lang='lat' dir='ltr'>Corque</span> <span class='ocrx_word' id='word_1_27' title='bbox 536 534 604 571; x_wconf 93' lang='lat' dir='ltr'>per</span> <span class='ocrx_word' id='word_1_28' title='bbox 633 523 794 560; x_wconf 90' lang='lat' dir='ltr'>interius</span> <span class='ocrx_word' id='word_1_29' title='bbox 826 522 961 571; x_wconf 87' lang='lat' dir='ltr'>pungit</span> <span class='ocrx_word' id='word_1_30' title='bbox 989 522 1134 560; x_wconf 88' lang='lat' dir='ltr'>amoris</span> <span class='ocrx_word' id='word_1_31' title='bbox 1162 534 1266 559; x_wconf 87' lang='lat' dir='ltr'>acus.</span> 
     </span>
    </p>

    <p class='ocr_par' dir='ltr' id='par_1_5' title="bbox 344 585 1456 702">
     <span class='ocr_line' id='line_1_7' title="bbox 345 585 1456 636; baseline 0.002 -13"><span class='ocrx_word' id='word_1_32' title='bbox 345 587 399 623; x_wconf 90' lang='lat' dir='ltr'>Vt</span> <span class='ocrx_word' id='word_1_33' title='bbox 428 585 502 624; x_wconf 87' lang='lat' dir='ltr'>sibi</span> <span class='ocrx_word' id='word_1_34' title='bbox 533 593 608 624; x_wconf 88' lang='lat' dir='ltr'>stat</span> <span class='ocrx_word' id='word_1_35' title='bbox 637 600 774 625; x_wconf 84' lang='lat' dir='ltr'>saxum</span> <span class='ocrx_word' id='word_1_36' title='bbox 803 599 884 625; x_wconf 91' lang='lat' dir='ltr'>non</span> <span class='ocrx_word' id='word_1_37' title='bbox 914 587 1072 634; x_wconf 88' lang='lat' dir='ltr'>mobile,</span> <span class='ocrx_word' id='word_1_38' title='bbox 1106 587 1161 624; x_wconf 89' lang='lat' dir='ltr'>sic</span> <span class='ocrx_word' id='word_1_39' title='bbox 1190 594 1266 625; x_wconf 87' lang='lat' dir='ltr'>stat</span> <span class='ocrx_word' id='word_1_40' title='bbox 1294 593 1333 626; x_wconf 91' lang='lat' dir='ltr'>et</span> <span class='ocrx_word' id='word_1_41' title='bbox 1362 587 1456 636; x_wconf 83' lang='lat' dir='ltr'>ipse,</span> 
     </span>
     <span class='ocr_line' id='line_1_8' title="bbox 344 652 1293 702; baseline 0.002 -13"><span class='ocrx_word' id='word_1_42' title='bbox 344 652 431 689; x_wconf 91' lang='lat' dir='ltr'>Nec</span> <span class='ocrx_word' id='word_1_43' title='bbox 460 659 596 690; x_wconf 90' lang='lat' dir='ltr'>mouet</span> <span class='ocrx_word' id='word_1_44' title='bbox 624 665 647 690; x_wconf 86' lang='lat' dir='ltr'>a</span> <span class='ocrx_word' id='word_1_45' title='bbox 675 653 773 701; x_wconf 80' lang='lat' dir='ltr'>visu,</span> <span class='ocrx_word' id='word_1_46' title='bbox 806 652 873 702; x_wconf 89' lang='lat' dir='ltr'>qui</span> <span class='ocrx_word' id='word_1_47' title='bbox 902 653 1008 690; x_wconf 90' lang='lat' dir='ltr'>velut</span> <span class='ocrx_word' id='word_1_48' title='bbox 1037 653 1178 690; x_wconf 86' lang='lat' dir='ltr'>extasis</span> <span class='ocrx_word' id='word_1_49' title='bbox 1208 659 1266 691; x_wconf 89' lang='lat' dir='ltr'>est</span> <span class='ocrx_word' id='word_1_50' title='bbox 1283 666 1293 701; x_wconf 81' lang='lat'><em>3</em></span> 
     </span>
    </p>

    <p class='ocr_par' dir='ltr' id='par_1_6' title="bbox 344 717 1234 767">
     <span class='ocr_line' id='line_1_9' title="bbox 344 717 1234 767; baseline 0.001 -13"><span class='ocrx_word' id='word_1_51' title='bbox 344 717 408 754; x_wconf 89' lang='lat' dir='ltr'>Sic</span> <span class='ocrx_word' id='word_1_52' title='bbox 438 718 577 755; x_wconf 89' lang='lat' dir='ltr'>oculus</span> <span class='ocrx_word' id='word_1_53' title='bbox 607 717 737 755; x_wconf 91' lang='lat' dir='ltr'>cordis</span> <span class='ocrx_word' id='word_1_54' title='bbox 766 718 893 755; x_wconf 87' lang='lat' dir='ltr'>carnis</span> <span class='ocrx_word' id='word_1_55' title='bbox 922 718 1088 767; x_wconf 82' lang='lat' dir='ltr'>caligine</span> <span class='ocrx_word' id='word_1_56' title='bbox 1117 730 1234 755; x_wconf 90' lang='lat' dir='ltr'>cecus</span> 
     </span>
    </p>

    <p class='ocr_par' dir='ltr' id='par_1_7' title="bbox 341 782 1531 951">
     <span class='ocr_line' id='line_1_10' title="bbox 344 782 1366 832; baseline 0.001 -13"><span class='ocrx_word' id='word_1_57' title='bbox 344 783 533 831; x_wconf 86' lang='lat' dir='ltr'>Languet,</span> <span class='ocrx_word' id='word_1_58' title='bbox 565 789 604 820; x_wconf 92' lang='lat' dir='ltr'>et</span> <span class='ocrx_word' id='word_1_59' title='bbox 633 782 673 819; x_wconf 89' lang='lat' dir='ltr'>in</span> <span class='ocrx_word' id='word_1_60' title='bbox 702 782 922 832; x_wconf 86' lang='lat' dir='ltr'>dampnum</span> <span class='ocrx_word' id='word_1_61' title='bbox 951 783 1099 820; x_wconf 88' lang='lat' dir='ltr'>decidit</span> <span class='ocrx_word' id='word_1_62' title='bbox 1128 783 1211 831; x_wconf 91' lang='lat' dir='ltr'>ipse</span> <span class='ocrx_word' id='word_1_63' title='bbox 1241 795 1366 821; x_wconf 92' lang='lat' dir='ltr'>suum.</span> 
     </span>
     <span class='ocr_line' id='line_1_11' title="bbox 343 847 1531 897; baseline 0.001 -12"><span class='ocrx_word' id='word_1_64' title='bbox 343 848 466 896; x_wconf 87' lang='lat' dir='ltr'>Quod</span> <span class='ocrx_word' id='word_1_65' title='bbox 495 848 611 894; x_wconf 91' lang='lat' dir='ltr'>videt,</span> <span class='ocrx_word' id='word_1_66' title='bbox 643 848 720 885; x_wconf 92' lang='lat' dir='ltr'>hoc</span> <span class='ocrx_word' id='word_1_67' title='bbox 749 848 884 894; x_wconf 89' lang='lat' dir='ltr'>nescit,</span> <span class='ocrx_word' id='word_1_68' title='bbox 917 854 975 886; x_wconf 92' lang='lat' dir='ltr'>set</span> <span class='ocrx_word' id='word_1_69' title='bbox 1004 847 1113 897; x_wconf 88' lang='lat' dir='ltr'>quod</span> <span class='ocrx_word' id='word_1_70' title='bbox 1142 848 1260 895; x_wconf 89' lang='lat' dir='ltr'>videt,</span> <span class='ocrx_word' id='word_1_71' title='bbox 1291 849 1410 886; x_wconf 91' lang='lat' dir='ltr'>vritur</span> <span class='ocrx_word' id='word_1_72' title='bbox 1440 848 1505 886; x_wconf 92' lang='lat' dir='ltr'>illo</span> <span class='ocrx_word' id='word_1_73' title='bbox 1520 862 1531 895; x_wconf 71' lang='lat'>5</span> 
     </span>
     <span class='ocr_line' id='line_1_12' title="bbox 341 913 1136 951; baseline -0.001 0"><span class='ocrx_word' id='word_1_74' title='bbox 341 913 406 951; x_wconf 91' lang='lat' dir='ltr'>Sic</span> <span class='ocrx_word' id='word_1_75' title='bbox 435 913 525 950; x_wconf 89' lang='lat' dir='ltr'>furit</span> <span class='ocrx_word' id='word_1_76' title='bbox 554 925 576 950; x_wconf 88' lang='lat' dir='ltr'>a</span> <span class='ocrx_word' id='word_1_77' title='bbox 605 925 701 951; x_wconf 93' lang='lat' dir='ltr'>ceco</span> <span class='ocrx_word' id='word_1_78' title='bbox 730 925 847 951; x_wconf 89' lang='lat' dir='ltr'>cecus</span> <span class='ocrx_word' id='word_1_79' title='bbox 876 925 1010 951; x_wconf 89' lang='lat' dir='ltr'>amore</span> <span class='ocrx_word' id='word_1_80' title='bbox 1040 925 1136 951; x_wconf 87' lang='lat' dir='ltr'>suo:</span> 
     </span>
    </p>

    <p class='ocr_par' dir='ltr' id='par_1_8' title="bbox 343 978 1306 1028">
     <span class='ocr_line' id='line_1_13' title="bbox 343 978 1306 1028; baseline 0.001 -13"><span class='ocrx_word' id='word_1_81' title='bbox 343 978 535 1028; x_wconf 87' lang='lat' dir='ltr'>Frigidior</span> <span class='ocrx_word' id='word_1_82' title='bbox 562 978 700 1028; x_wconf 82' lang='lat' dir='ltr'>glacie,</span> <span class='ocrx_word' id='word_1_83' title='bbox 729 979 949 1017; x_wconf 89' lang='lat' dir='ltr'>feruencior</span> <span class='ocrx_word' id='word_1_84' title='bbox 978 979 1067 1027; x_wconf 86' lang='lat' dir='ltr'>igne</span> <span class='ocrx_word' id='word_1_85' title='bbox 1095 985 1306 1025; x_wconf 78' lang='lat' dir='ltr'><strong>cremante,</strong></span> 
     </span>
    </p>

    <p class='ocr_par' dir='ltr' id='par_1_9' title="bbox 342 1043 1249 1093">
     <span class='ocr_line' id='line_1_14' title="bbox 342 1043 1249 1093; baseline 0.001 -13"><span class='ocrx_word' id='word_1_86' title='bbox 342 1043 406 1081; x_wconf 90' lang='lat' dir='ltr'>Sic</span> <span class='ocrx_word' id='word_1_87' title='bbox 435 1050 474 1081; x_wconf 90' lang='lat' dir='ltr'>et</span> <span class='ocrx_word' id='word_1_88' title='bbox 504 1044 544 1080; x_wconf 92' lang='lat' dir='ltr'>in</span> <span class='ocrx_word' id='word_1_89' title='bbox 574 1043 663 1092; x_wconf 85' lang='lat' dir='ltr'>igne</span> <span class='ocrx_word' id='word_1_90' title='bbox 690 1044 803 1093; x_wconf 87' lang='lat' dir='ltr'>gelat,</span> <span class='ocrx_word' id='word_1_91' title='bbox 835 1044 954 1081; x_wconf 90' lang='lat' dir='ltr'>vritur</span> <span class='ocrx_word' id='word_1_92' title='bbox 983 1044 1104 1092; x_wconf 88' lang='lat' dir='ltr'>inque</span> <span class='ocrx_word' id='word_1_93' title='bbox 1132 1043 1249 1092; x_wconf 90' lang='lat' dir='ltr'>gelu:</span> 
     </span>
    </p>

    <p class='ocr_par' dir='ltr' id='par_1_10' title="bbox 341 1108 1289 1155">
     <span class='ocr_line' id='line_1_15' title="bbox 341 1108 1289 1155; baseline -0.001 -9"><span class='ocrx_word' id='word_1_94' title='bbox 341 1109 451 1146; x_wconf 87' lang='lat' dir='ltr'>Sicut</span> <span class='ocrx_word' id='word_1_95' title='bbox 479 1109 563 1146; x_wconf 86' lang='lat' dir='ltr'>auis</span> <span class='ocrx_word' id='word_1_96' title='bbox 592 1109 700 1146; x_wconf 88' lang='lat' dir='ltr'>visco</span> <span class='ocrx_word' id='word_1_97' title='bbox 730 1109 910 1146; x_wconf 84' lang='lat' dir='ltr'>volutans</span> <span class='ocrx_word' id='word_1_98' title='bbox 941 1121 982 1147; x_wconf 89' lang='lat' dir='ltr'>se</span> <span class='ocrx_word' id='word_1_99' title='bbox 1011 1108 1182 1146; x_wconf 92' lang='lat' dir='ltr'>voluitur</span> <span class='ocrx_word' id='word_1_100' title='bbox 1211 1108 1289 1155; x_wconf 85' lang='lat' dir='ltr'>illo,</span> 
     </span>
    </p>

    <p class='ocr_par' dir='ltr' id='par_1_11' title="bbox 341 1173 1192 1222">
     <span class='ocr_line' id='line_1_16' title="bbox 341 1173 1192 1222; baseline -0.002 -10"><span class='ocrx_word' id='word_1_101' title='bbox 341 1174 405 1212; x_wconf 92' lang='lat' dir='ltr'>Sic</span> <span class='ocrx_word' id='word_1_102' title='bbox 435 1186 477 1212; x_wconf 91' lang='lat' dir='ltr'>se</span> <span class='ocrx_word' id='word_1_103' title='bbox 506 1173 726 1212; x_wconf 89' lang='lat' dir='ltr'>defendens</span> <span class='ocrx_word' id='word_1_104' title='bbox 755 1174 866 1212; x_wconf 86' lang='lat' dir='ltr'>ardet</span> <span class='ocrx_word' id='word_1_105' title='bbox 895 1186 1030 1212; x_wconf 91' lang='lat' dir='ltr'>amore</span> <span class='ocrx_word' id='word_1_106' title='bbox 1059 1173 1192 1222; x_wconf 86' lang='lat' dir='ltr'>magis.</span> 
     </span>
    </p>

    <p class='ocr_par' dir='ltr' id='par_1_12' title="bbox 337 1238 1498 1994">
     <span class='ocr_line' id='line_1_17' title="bbox 394 1238 1498 1288; baseline 0.001 -12"><span class='ocrx_word' id='word_1_107' title='bbox 394 1239 459 1277; x_wconf 91' lang='lat' dir='ltr'>Sic</span> <span class='ocrx_word' id='word_1_108' title='bbox 487 1251 598 1276; x_wconf 89' lang='lat' dir='ltr'>amor</span> <span class='ocrx_word' id='word_1_109' title='bbox 626 1250 746 1276; x_wconf 89' lang='lat' dir='ltr'>omne</span> <span class='ocrx_word' id='word_1_110' title='bbox 774 1239 922 1280; x_wconf 77' lang='lat' dir='ltr'>domat,</span> <span class='ocrx_word' id='word_1_111' title='bbox 954 1238 1145 1288; x_wconf 87' lang='lat' dir='ltr'>quicquid</span> <span class='ocrx_word' id='word_1_112' title='bbox 1174 1245 1312 1276; x_wconf 86' lang='lat' dir='ltr'>natura</span> <span class='ocrx_word' id='word_1_113' title='bbox 1340 1239 1498 1286; x_wconf 88' lang='lat' dir='ltr'>creauit,</span> 
     </span>
     <span class='ocr_line' id='line_1_18' title="bbox 342 1303 1348 1352; baseline 0.001 -12"><span class='ocrx_word' id='word_1_114' title='bbox 342 1304 393 1341; x_wconf 92' lang='lat' dir='ltr'>Et</span> <span class='ocrx_word' id='word_1_115' title='bbox 422 1310 555 1342; x_wconf 87' lang='lat' dir='ltr'>tamen</span> <span class='ocrx_word' id='word_1_116' title='bbox 584 1303 801 1341; x_wconf 91' lang='lat' dir='ltr'>indomitus</span> <span class='ocrx_word' id='word_1_117' title='bbox 832 1305 915 1352; x_wconf 90' lang='lat' dir='ltr'>ipse</span> <span class='ocrx_word' id='word_1_118' title='bbox 944 1315 1013 1352; x_wconf 88' lang='lat' dir='ltr'>per</span> <span class='ocrx_word' id='word_1_119' title='bbox 1041 1315 1161 1341; x_wconf 90' lang='lat' dir='ltr'>omne</span> <span class='ocrx_word' id='word_1_120' title='bbox 1189 1310 1323 1341; x_wconf 85' lang='lat' dir='ltr'>manet</span> <span class='ocrx_word' id='word_1_121' title='bbox 1337 1317 1348 1351; x_wconf 91' lang='lat'>;</span> 
     </span>
     <span class='ocr_line' id='line_1_19' title="bbox 341 1369 1408 1418; baseline -0.002 -11"><span class='ocrx_word' id='word_1_122' title='bbox 341 1369 525 1407; x_wconf 84' lang='lat' dir='ltr'>Carcerat</span> <span class='ocrx_word' id='word_1_123' title='bbox 555 1376 592 1407; x_wconf 91' lang='lat' dir='ltr'>et</span> <span class='ocrx_word' id='word_1_124' title='bbox 622 1369 789 1416; x_wconf 82' lang='lat' dir='ltr'>redimit,</span> <span class='ocrx_word' id='word_1_125' title='bbox 821 1369 912 1418; x_wconf 90' lang='lat' dir='ltr'>ligat</span> <span class='ocrx_word' id='word_1_126' title='bbox 942 1377 1062 1417; x_wconf 87' lang='lat' dir='ltr'>atque</span> <span class='ocrx_word' id='word_1_127' title='bbox 1091 1369 1208 1417; x_wconf 85' lang='lat' dir='ltr'>ligata</span> <span class='ocrx_word' id='word_1_128' title='bbox 1236 1369 1408 1416; x_wconf 88' lang='lat' dir='ltr'>resoluit,</span> 
     </span>
     <span class='ocr_line' id='line_1_20' title="bbox 339 1433 1341 1481; baseline -0.001 -9"><span class='ocrx_word' id='word_1_129' title='bbox 339 1433 482 1472; x_wconf 92' lang='lat' dir='ltr'>Subdit</span> <span class='ocrx_word' id='word_1_130' title='bbox 512 1441 550 1472; x_wconf 93' lang='lat' dir='ltr'>et</span> <span class='ocrx_word' id='word_1_131' title='bbox 579 1446 699 1472; x_wconf 89' lang='lat' dir='ltr'>omne</span> <span class='ocrx_word' id='word_1_132' title='bbox 728 1433 814 1481; x_wconf 90' lang='lat' dir='ltr'>sibi,</span> <span class='ocrx_word' id='word_1_133' title='bbox 846 1434 943 1472; x_wconf 93' lang='lat' dir='ltr'>liber</span> <span class='ocrx_word' id='word_1_134' title='bbox 972 1441 1010 1471; x_wconf 90' lang='lat' dir='ltr'>et</span> <span class='ocrx_word' id='word_1_135' title='bbox 1039 1433 1226 1471; x_wconf 88' lang='lat' dir='ltr'>omnibus</span> <span class='ocrx_word' id='word_1_136' title='bbox 1258 1440 1316 1471; x_wconf 90' lang='lat' dir='ltr'>est</span> <span class='ocrx_word' id='word_1_137' title='bbox 1332 1446 1341 1479; x_wconf 80' lang='lat'><em>3</em></span> 
     </span>
     <span class='ocr_line' id='line_1_21' title="bbox 339 1499 1422 1549; baseline 0 -12"><span class='ocrx_word' id='word_1_138' title='bbox 339 1500 530 1537; x_wconf 83' lang='lat' dir='ltr'>Naturam</span> <span class='ocrx_word' id='word_1_139' title='bbox 561 1500 724 1549; x_wconf 89' lang='lat' dir='ltr'>stringit,</span> <span class='ocrx_word' id='word_1_140' title='bbox 755 1500 913 1545; x_wconf 88' lang='lat' dir='ltr'>mulcet,</span> <span class='ocrx_word' id='word_1_141' title='bbox 947 1499 1086 1536; x_wconf 89' lang='lat' dir='ltr'>minuit</span> <span class='ocrx_word' id='word_1_142' title='bbox 1117 1511 1194 1548; x_wconf 88' lang='lat' dir='ltr'>que</span> <span class='ocrx_word' id='word_1_143' title='bbox 1224 1499 1422 1546; x_wconf 87' lang='lat' dir='ltr'>reformat,</span> 
     </span>
     <span class='ocr_line' id='line_1_22' title="bbox 338 1565 1390 1615; baseline 0.002 -13"><span class='ocrx_word' id='word_1_144' title='bbox 338 1566 493 1615; x_wconf 87' lang='lat' dir='ltr'>Plangit</span> <span class='ocrx_word' id='word_1_145' title='bbox 521 1572 560 1603; x_wconf 92' lang='lat' dir='ltr'>et</span> <span class='ocrx_word' id='word_1_146' title='bbox 589 1566 663 1604; x_wconf 94' lang='lat' dir='ltr'>hec</span> <span class='ocrx_word' id='word_1_147' title='bbox 692 1578 760 1615; x_wconf 92' lang='lat' dir='ltr'>per</span> <span class='ocrx_word' id='word_1_148' title='bbox 788 1578 892 1612; x_wconf 86' lang='lat' dir='ltr'>eum,</span> <span class='ocrx_word' id='word_1_149' title='bbox 924 1577 997 1603; x_wconf 92' lang='lat' dir='ltr'>nec</span> <span class='ocrx_word' id='word_1_150' title='bbox 1027 1565 1112 1602; x_wconf 87' lang='lat' dir='ltr'>sine</span> <span class='ocrx_word' id='word_1_151' title='bbox 1140 1565 1286 1613; x_wconf 87' lang='lat' dir='ltr'>gaudet</span> <span class='ocrx_word' id='word_1_152' title='bbox 1315 1577 1390 1604; x_wconf 88' lang='lat' dir='ltr'>eo:</span> 
     </span>
     <span class='ocr_line' id='line_1_23' title="bbox 338 1630 1311 1679; baseline 0 -11"><span class='ocrx_word' id='word_1_153' title='bbox 338 1631 485 1668; x_wconf 85' lang='lat' dir='ltr'>Militat</span> <span class='ocrx_word' id='word_1_154' title='bbox 513 1631 554 1668; x_wconf 91' lang='lat' dir='ltr'>in</span> <span class='ocrx_word' id='word_1_155' title='bbox 583 1631 746 1677; x_wconf 89' lang='lat' dir='ltr'>cunctis,</span> <span class='ocrx_word' id='word_1_156' title='bbox 779 1631 931 1668; x_wconf 87' lang='lat' dir='ltr'>nullum</span> <span class='ocrx_word' id='word_1_157' title='bbox 962 1631 1023 1668; x_wconf 83' lang='lat' dir='ltr'>vix</span> <span class='ocrx_word' id='word_1_158' title='bbox 1054 1630 1197 1679; x_wconf 82' lang='lat' dir='ltr'>excipit</span> <span class='ocrx_word' id='word_1_159' title='bbox 1227 1630 1311 1668; x_wconf 84' lang='lat' dir='ltr'>eius</span> 
     </span>
     <span class='ocr_line' id='line_1_24' title="bbox 337 1697 1292 1746; baseline -0.001 -12"><span class='ocrx_word' id='word_1_160' title='bbox 337 1697 502 1746; x_wconf 87' lang='lat' dir='ltr'>Regula,</span> <span class='ocrx_word' id='word_1_161' title='bbox 534 1709 626 1734; x_wconf 89' lang='lat' dir='ltr'>nam</span> <span class='ocrx_word' id='word_1_162' title='bbox 656 1703 812 1735; x_wconf 89' lang='lat' dir='ltr'>sanctos</span> <span class='ocrx_word' id='word_1_163' title='bbox 843 1709 936 1746; x_wconf 86' lang='lat' dir='ltr'>sepe</span> <span class='ocrx_word' id='word_1_164' title='bbox 965 1697 1033 1734; x_wconf 91' lang='lat' dir='ltr'>dat</span> <span class='ocrx_word' id='word_1_165' title='bbox 1062 1708 1149 1734; x_wconf 88' lang='lat' dir='ltr'>esse</span> <span class='ocrx_word' id='word_1_166' title='bbox 1178 1708 1292 1743; x_wconf 80' lang='lat' dir='ltr'>reos;</span> 
     </span>
     <span class='ocr_line' id='line_1_25' title="bbox 338 1761 1326 1811; baseline -0.001 -12"><span class='ocrx_word' id='word_1_167' title='bbox 338 1761 510 1811; x_wconf 87' lang='lat' dir='ltr'>Legibus</span> <span class='ocrx_word' id='word_1_168' title='bbox 539 1774 641 1810; x_wconf 85' lang='lat' dir='ltr'>aque</span> <span class='ocrx_word' id='word_1_169' title='bbox 670 1762 749 1799; x_wconf 92' lang='lat' dir='ltr'>suis</span> <span class='ocrx_word' id='word_1_170' title='bbox 778 1774 859 1799; x_wconf 91' lang='lat' dir='ltr'>non</span> <span class='ocrx_word' id='word_1_171' title='bbox 889 1769 948 1800; x_wconf 90' lang='lat' dir='ltr'>est</span> <span class='ocrx_word' id='word_1_172' title='bbox 977 1762 1140 1799; x_wconf 88' lang='lat' dir='ltr'>transire</span> <span class='ocrx_word' id='word_1_173' title='bbox 1169 1761 1326 1810; x_wconf 89' lang='lat' dir='ltr'>quietus</span> 
     </span>
     <span class='ocr_line' id='line_1_26' title="bbox 338 1825 1315 1875; baseline -0.001 -11"><span class='ocrx_word' id='word_1_174' title='bbox 338 1827 420 1875; x_wconf 86' lang='lat' dir='ltr'>Qui</span> <span class='ocrx_word' id='word_1_175' title='bbox 449 1827 562 1873; x_wconf 89' lang='lat' dir='ltr'>valet,</span> <span class='ocrx_word' id='word_1_176' title='bbox 595 1827 679 1875; x_wconf 90' lang='lat' dir='ltr'>ipse</span> <span class='ocrx_word' id='word_1_177' title='bbox 707 1834 840 1864; x_wconf 87' lang='lat' dir='ltr'>tamen</span> <span class='ocrx_word' id='word_1_178' title='bbox 870 1833 1014 1863; x_wconf 84' lang='lat' dir='ltr'>cuncta</span> <span class='ocrx_word' id='word_1_179' title='bbox 1043 1826 1177 1874; x_wconf 84' lang='lat' dir='ltr'>quieta</span> <span class='ocrx_word' id='word_1_180' title='bbox 1205 1825 1315 1874; x_wconf 89' lang='lat' dir='ltr'>gerit.</span> 
     </span>
     <span class='ocr_line' id='line_1_27' title="bbox 338 1889 1475 1940; baseline -0.001 -11"><span class='ocrx_word' id='word_1_181' title='bbox 338 1891 443 1929; x_wconf 89' lang='lat' dir='ltr'>Nam</span> <span class='ocrx_word' id='word_1_182' title='bbox 473 1903 592 1940; x_wconf 88' lang='lat' dir='ltr'>quem</span> <span class='ocrx_word' id='word_1_183' title='bbox 622 1903 703 1929; x_wconf 89' lang='lat' dir='ltr'>non</span> <span class='ocrx_word' id='word_1_184' title='bbox 733 1891 876 1940; x_wconf 89' lang='lat' dir='ltr'>poterit</span> <span class='ocrx_word' id='word_1_185' title='bbox 905 1889 1091 1940; x_wconf 85' lang='lat' dir='ltr'>probitas,</span> <span class='ocrx_word' id='word_1_186' title='bbox 1122 1890 1339 1939; x_wconf 87' lang='lat' dir='ltr'>prudencia</span> <span class='ocrx_word' id='word_1_187' title='bbox 1368 1891 1475 1939; x_wconf 82' lang='lat' dir='ltr'>fallit,</span> 
     </span>
     <span class='ocr_line' id='line_1_28' title="bbox 338 1955 1156 1994; baseline 0 0"><span class='ocrx_word' id='word_1_188' title='bbox 338 1957 424 1994; x_wconf 92' lang='lat' dir='ltr'>Nec</span> <span class='ocrx_word' id='word_1_189' title='bbox 453 1962 528 1993; x_wconf 89' lang='lat' dir='ltr'>stat</span> <span class='ocrx_word' id='word_1_190' title='bbox 557 1956 682 1993; x_wconf 88' lang='lat' dir='ltr'>vitalis</span> <span class='ocrx_word' id='word_1_191' title='bbox 712 1962 818 1994; x_wconf 91' lang='lat' dir='ltr'>tutus</span> <span class='ocrx_word' id='word_1_192' title='bbox 848 1963 887 1993; x_wconf 92' lang='lat' dir='ltr'>vt</span> <span class='ocrx_word' id='word_1_193' title='bbox 916 1955 1046 1993; x_wconf 88' lang='lat' dir='ltr'>obstet</span> <span class='ocrx_word' id='word_1_194' title='bbox 1076 1955 1156 1994; x_wconf 89' lang='lat' dir='ltr'>eis:</span> 
     </span>
    </p>

    <p class='ocr_par' dir='ltr' id='par_1_13' title="bbox 336 2021 1398 2201">
     <span class='ocr_line' id='line_1_29' title="bbox 337 2021 1326 2070; baseline 0 -12"><span class='ocrx_word' id='word_1_195' title='bbox 337 2022 431 2059; x_wconf 93' lang='lat' dir='ltr'>Non</span> <span class='ocrx_word' id='word_1_196' title='bbox 461 2034 572 2059; x_wconf 91' lang='lat' dir='ltr'>amor</span> <span class='ocrx_word' id='word_1_197' title='bbox 600 2021 638 2058; x_wconf 91' lang='lat' dir='ltr'>in</span> <span class='ocrx_word' id='word_1_198' title='bbox 670 2021 782 2070; x_wconf 89' lang='lat' dir='ltr'>penis</span> <span class='ocrx_word' id='word_1_199' title='bbox 812 2028 870 2059; x_wconf 88' lang='lat' dir='ltr'>est</span> <span class='ocrx_word' id='word_1_200' title='bbox 899 2034 968 2070; x_wconf 90' lang='lat' dir='ltr'>par</span> <span class='ocrx_word' id='word_1_201' title='bbox 996 2033 1099 2070; x_wconf 91' lang='lat' dir='ltr'>pene</span> <span class='ocrx_word' id='word_1_202' title='bbox 1127 2021 1326 2068; x_wconf 78' lang='lat' dir='ltr'>Talionis3</span> 
     </span>
     <span class='ocr_line' id='line_1_30' title="bbox 336 2085 1398 2136; baseline 0.002 -13"><span class='ocrx_word' id='word_1_203' title='bbox 336 2087 527 2124; x_wconf 91' lang='lat' dir='ltr'>Vulnerat</span> <span class='ocrx_word' id='word_1_204' title='bbox 557 2098 677 2124; x_wconf 89' lang='lat' dir='ltr'>omne</span> <span class='ocrx_word' id='word_1_205' title='bbox 704 2099 841 2136; x_wconf 88' lang='lat' dir='ltr'>genus,</span> <span class='ocrx_word' id='word_1_206' title='bbox 873 2099 947 2124; x_wconf 90' lang='lat' dir='ltr'>nec</span> <span class='ocrx_word' id='word_1_207' title='bbox 977 2086 1051 2124; x_wconf 89' lang='lat' dir='ltr'>sibi</span> <span class='ocrx_word' id='word_1_208' title='bbox 1080 2087 1222 2124; x_wconf 87' lang='lat' dir='ltr'>vulnus</span> <span class='ocrx_word' id='word_1_209' title='bbox 1251 2085 1398 2125; x_wconf 89' lang='lat' dir='ltr'>habet:</span> 
     </span>
     <span class='ocr_line' id='line_1_31' title="bbox 336 2151 1207 2201; baseline 0 -12"><span class='ocrx_word' id='word_1_210' title='bbox 336 2152 400 2190; x_wconf 91' lang='lat' dir='ltr'>Sic</span> <span class='ocrx_word' id='word_1_211' title='bbox 429 2151 521 2201; x_wconf 88' lang='lat' dir='ltr'>quia</span> <span class='ocrx_word' id='word_1_212' title='bbox 550 2151 736 2189; x_wconf 85' lang='lat' dir='ltr'>vulnifico</span> <span class='ocrx_word' id='word_1_213' title='bbox 765 2152 910 2189; x_wconf 83' lang='lat' dir='ltr'>fixurus</span> <span class='ocrx_word' id='word_1_214' title='bbox 939 2158 1098 2201; x_wconf 83' lang='lat' dir='ltr'>pectora</span> <span class='ocrx_word' id='word_1_215' title='bbox 1128 2152 1207 2189; x_wconf 91' lang='lat' dir='ltr'>telo</span> 
     </span>
    </p>

    <p class='ocr_par' dir='ltr' id='par_1_14' title="bbox 336 2216 1204 2266">
     <span class='ocr_line' id='line_1_32' title="bbox 336 2216 1204 2266; baseline -0.001 -12"><span class='ocrx_word' id='word_1_216' title='bbox 336 2216 474 2254; x_wconf 85' lang='lat' dir='ltr'>Vibrat</span> <span class='ocrx_word' id='word_1_217' title='bbox 502 2229 623 2263; x_wconf 91' lang='lat' dir='ltr'>amor,</span> <span class='ocrx_word' id='word_1_218' title='bbox 655 2223 769 2255; x_wconf 85' lang='lat' dir='ltr'>caute</span> <span class='ocrx_word' id='word_1_219' title='bbox 798 2217 952 2266; x_wconf 89' lang='lat' dir='ltr'>longius</span> <span class='ocrx_word' id='word_1_220' title='bbox 982 2217 1076 2255; x_wconf 93' lang='lat' dir='ltr'>inde</span> <span class='ocrx_word' id='word_1_221' title='bbox 1103 2216 1204 2265; x_wconf 88' lang='lat' dir='ltr'>fuge.</span> 
     </span>
    </p>

    <p class='ocr_par' dir='ltr' id='par_1_15' title="bbox 335 2281 1403 2396">
     <span class='ocr_line' id='line_1_33' title="bbox 336 2281 1403 2331; baseline 0 -11"><span class='ocrx_word' id='word_1_222' title='bbox 336 2282 407 2320; x_wconf 87' lang='lat' dir='ltr'>Est</span> <span class='ocrx_word' id='word_1_223' title='bbox 436 2282 557 2319; x_wconf 90' lang='lat' dir='ltr'>nichil</span> <span class='ocrx_word' id='word_1_224' title='bbox 585 2294 781 2319; x_wconf 87' lang='lat' dir='ltr'>armorum</span> <span class='ocrx_word' id='word_1_225' title='bbox 812 2283 921 2331; x_wconf 89' lang='lat' dir='ltr'>quod</span> <span class='ocrx_word' id='word_1_226' title='bbox 950 2282 1071 2331; x_wconf 86' lang='lat' dir='ltr'>prelia</span> <span class='ocrx_word' id='word_1_227' title='bbox 1099 2282 1220 2320; x_wconf 90' lang='lat' dir='ltr'>vincit</span> <span class='ocrx_word' id='word_1_228' title='bbox 1248 2281 1403 2329; x_wconf 90' lang='lat' dir='ltr'>amoris,</span> 
     </span>
     <span class='ocr_line' id='line_1_34' title="bbox 335 2346 1232 2396; baseline -0.001 -12"><span class='ocrx_word' id='word_1_229' title='bbox 335 2347 422 2385; x_wconf 90' lang='lat' dir='ltr'>Nec</span> <span class='ocrx_word' id='word_1_230' title='bbox 451 2359 521 2384; x_wconf 90' lang='lat' dir='ltr'>sua</span> <span class='ocrx_word' id='word_1_231' title='bbox 549 2347 636 2396; x_wconf 88' lang='lat' dir='ltr'>quis</span> <span class='ocrx_word' id='word_1_232' title='bbox 666 2347 777 2385; x_wconf 90' lang='lat' dir='ltr'>firme</span> <span class='ocrx_word' id='word_1_233' title='bbox 804 2347 937 2385; x_wconf 85' lang='lat' dir='ltr'>federa</span> <span class='ocrx_word' id='word_1_234' title='bbox 966 2347 1073 2396; x_wconf 90' lang='lat' dir='ltr'>pacis</span> <span class='ocrx_word' id='word_1_235' title='bbox 1102 2346 1232 2384; x_wconf 85' lang='lat' dir='ltr'>habet.</span> 
     </span>
    </p>

    <p class='ocr_par' dir='ltr' id='par_1_16' title="bbox 337 2411 1420 2527">
     <span class='ocr_line' id='line_1_35' title="bbox 389 2411 1420 2460; baseline -0.001 -9"><span class='ocrx_word' id='word_1_236' title='bbox 389 2412 562 2451; x_wconf 89' lang='lat' dir='ltr'>Credula</span> <span class='ocrx_word' id='word_1_237' title='bbox 590 2424 650 2450; x_wconf 92' lang='lat' dir='ltr'>res</span> <span class='ocrx_word' id='word_1_238' title='bbox 679 2424 790 2450; x_wconf 90' lang='lat' dir='ltr'>amor</span> <span class='ocrx_word' id='word_1_239' title='bbox 818 2419 877 2450; x_wconf 91' lang='lat' dir='ltr'>est</span> <span class='ocrx_word' id='word_1_240' title='bbox 907 2411 1039 2450; x_wconf 91' lang='lat' dir='ltr'>subito</span> <span class='ocrx_word' id='word_1_241' title='bbox 1069 2412 1242 2460; x_wconf 88' lang='lat' dir='ltr'>collapsa</span> <span class='ocrx_word' id='word_1_242' title='bbox 1271 2412 1420 2458; x_wconf 86' lang='lat' dir='ltr'>dolore,</span> 
     </span>
     <span class='ocr_line' id='line_1_36' title="bbox 337 2477 1207 2527; baseline -0.002 -12"><span class='ocrx_word' id='word_1_243' title='bbox 337 2478 423 2515; x_wconf 90' lang='lat' dir='ltr'>Nec</span> <span class='ocrx_word' id='word_1_244' title='bbox 452 2477 548 2514; x_wconf 90' lang='lat' dir='ltr'>sciet</span> <span class='ocrx_word' id='word_1_245' title='bbox 577 2477 756 2526; x_wconf 91' lang='lat' dir='ltr'>inceptor</span> <span class='ocrx_word' id='word_1_246' title='bbox 785 2478 873 2527; x_wconf 87' lang='lat' dir='ltr'>quis</span> <span class='ocrx_word' id='word_1_247' title='bbox 903 2477 977 2515; x_wconf 91' lang='lat' dir='ltr'>sibi</span> <span class='ocrx_word' id='word_1_248' title='bbox 1007 2477 1094 2514; x_wconf 88' lang='lat' dir='ltr'>finis</span> <span class='ocrx_word' id='word_1_249' title='bbox 1125 2477 1207 2514; x_wconf 92' lang='lat' dir='ltr'>erit.</span> 
     </span>
    </p>

    <p class='ocr_par' dir='ltr' id='par_1_17' title="bbox 335 2540 1373 2917">
     <span class='ocr_line' id='line_1_37' title="bbox 337 2540 1365 2591; baseline -0.002 -11"><span class='ocrx_word' id='word_1_250' title='bbox 337 2542 430 2580; x_wconf 92' lang='lat' dir='ltr'>Non</span> <span class='ocrx_word' id='word_1_251' title='bbox 461 2542 544 2580; x_wconf 89' lang='lat' dir='ltr'>sine</span> <span class='ocrx_word' id='word_1_252' title='bbox 573 2549 648 2580; x_wconf 88' lang='lat' dir='ltr'>stat</span> <span class='ocrx_word' id='word_1_253' title='bbox 677 2542 782 2580; x_wconf 90' lang='lat' dir='ltr'>bello</span> <span class='ocrx_word' id='word_1_254' title='bbox 812 2542 924 2580; x_wconf 90' lang='lat' dir='ltr'>miles</span> <span class='ocrx_word' id='word_1_255' title='bbox 954 2541 1022 2591; x_wconf 89' lang='lat' dir='ltr'>qui</span> <span class='ocrx_word' id='word_1_256' title='bbox 1051 2541 1147 2579; x_wconf 89' lang='lat' dir='ltr'>dicit</span> <span class='ocrx_word' id='word_1_257' title='bbox 1176 2541 1228 2579; x_wconf 87' lang='lat' dir='ltr'>ad</span> <span class='ocrx_word' id='word_1_258' title='bbox 1256 2540 1365 2588; x_wconf 87' lang='lat' dir='ltr'>infra,</span> 
     </span>
     <span class='ocr_line' id='line_1_38' title="bbox 338 2606 1328 2656; baseline -0.003 -11"><span class='ocrx_word' id='word_1_259' title='bbox 338 2606 397 2645; x_wconf 87' lang='lat' dir='ltr'>‘O</span> <span class='ocrx_word' id='word_1_260' title='bbox 427 2619 546 2656; x_wconf 87' lang='lat' dir='ltr'>quam</span> <span class='ocrx_word' id='word_1_261' title='bbox 575 2619 639 2645; x_wconf 90' lang='lat' dir='ltr'>me</span> <span class='ocrx_word' id='word_1_262' title='bbox 668 2608 831 2645; x_wconf 90' lang='lat' dir='ltr'>tacitum</span> <span class='ocrx_word' id='word_1_263' title='bbox 860 2607 1042 2645; x_wconf 91' lang='lat' dir='ltr'>conscius</span> <span class='ocrx_word' id='word_1_264' title='bbox 1072 2606 1144 2644; x_wconf 90' lang='lat' dir='ltr'>vrit</span> <span class='ocrx_word' id='word_1_265' title='bbox 1173 2606 1328 2643; x_wconf 75' lang='lat' dir='ltr'>amorl&#39;</span> 
     </span>
     <span class='ocr_line' id='line_1_39' title="bbox 336 2670 1338 2721; baseline 0.001 -13"><span class='ocrx_word' id='word_1_266' title='bbox 336 2670 500 2709; x_wconf 90' lang='lat' dir='ltr'>Artibus</span> <span class='ocrx_word' id='word_1_267' title='bbox 529 2671 744 2710; x_wconf 90' lang='lat' dir='ltr'>innumeris</span> <span class='ocrx_word' id='word_1_268' title='bbox 773 2685 886 2710; x_wconf 90' lang='lat' dir='ltr'>mens</span> <span class='ocrx_word' id='word_1_269' title='bbox 917 2672 1130 2721; x_wconf 85' lang='lat' dir='ltr'>exagitatur</span> <span class='ocrx_word' id='word_1_270' title='bbox 1159 2671 1338 2718; x_wconf 89' lang='lat' dir='ltr'>amantis,</span> 
     </span>
     <span class='ocr_line' id='line_1_40' title="bbox 335 2735 1282 2786; baseline -0.002 -12"><span class='ocrx_word' id='word_1_271' title='bbox 335 2737 390 2774; x_wconf 91' lang='lat' dir='ltr'>Vt</span> <span class='ocrx_word' id='word_1_272' title='bbox 418 2735 516 2784; x_wconf 84' lang='lat' dir='ltr'>lapis</span> <span class='ocrx_word' id='word_1_273' title='bbox 545 2737 726 2784; x_wconf 91' lang='lat' dir='ltr'>equoreis</span> <span class='ocrx_word' id='word_1_274' title='bbox 755 2737 931 2786; x_wconf 86' lang='lat' dir='ltr'>vndique</span> <span class='ocrx_word' id='word_1_275' title='bbox 959 2748 1115 2786; x_wconf 90' lang='lat' dir='ltr'>pressus</span> <span class='ocrx_word' id='word_1_276' title='bbox 1144 2736 1256 2784; x_wconf 88' lang='lat' dir='ltr'>aquis</span> <span class='ocrx_word' id='word_1_277' title='bbox 1271 2749 1282 2783; x_wconf 89' lang='lat'>;</span> 
     </span>
     <span class='ocr_line' id='line_1_41' title="bbox 336 2799 1373 2851; baseline 0.002 -14"><span class='ocrx_word' id='word_1_278' title='bbox 336 2799 534 2838; x_wconf 91' lang='lat' dir='ltr'>Nobilitas</span> <span class='ocrx_word' id='word_1_279' title='bbox 563 2800 637 2839; x_wconf 88' lang='lat' dir='ltr'>sub</span> <span class='ocrx_word' id='word_1_280' title='bbox 665 2813 799 2841; x_wconf 84' lang='lat' dir='ltr'>amore</span> <span class='ocrx_word' id='word_1_281' title='bbox 829 2802 939 2849; x_wconf 86' lang='lat' dir='ltr'>iacet,</span> <span class='ocrx_word' id='word_1_282' title='bbox 971 2813 1049 2851; x_wconf 91' lang='lat' dir='ltr'>que</span> <span class='ocrx_word' id='word_1_283' title='bbox 1077 2813 1171 2850; x_wconf 89' lang='lat' dir='ltr'>sepe</span> <span class='ocrx_word' id='word_1_284' title='bbox 1199 2800 1373 2850; x_wconf 88' lang='lat' dir='ltr'>resurgit,</span> 
     </span>
     <span class='ocr_line' id='line_1_42' title="bbox 336 2865 1191 2917; baseline 0.001 -13"><span class='ocrx_word' id='word_1_285' title='bbox 336 2866 477 2915; x_wconf 88' lang='lat' dir='ltr'>Sepius</span> <span class='ocrx_word' id='word_1_286' title='bbox 507 2871 546 2904; x_wconf 89' lang='lat' dir='ltr'>et</span> <span class='ocrx_word' id='word_1_287' title='bbox 575 2866 701 2904; x_wconf 88' lang='lat' dir='ltr'>nescit</span> <span class='ocrx_word' id='word_1_288' title='bbox 730 2866 864 2906; x_wconf 91' lang='lat' dir='ltr'>nobile</span> <span class='ocrx_word' id='word_1_289' title='bbox 894 2867 990 2917; x_wconf 87' lang='lat' dir='ltr'>quid</span> <span class='ocrx_word' id='word_1_290' title='bbox 1019 2866 1068 2904; x_wconf 89' lang='lat' dir='ltr'>sit</span> <span class='ocrx_word' id='word_1_291' title='bbox 1097 2865 1191 2905; x_wconf 87' lang='lat' dir='ltr'>iter:</span> 
     </span>
    </p>
   </div>
   <div class='ocr_carea' id='block_1_4' title="bbox 1623 235 1702 274">
    <p class='ocr_par' dir='ltr' id='par_1_18' title="bbox 1623 235 1702 274">
     <span class='ocr_line' id='line_1_43' title="bbox 1623 235 1702 274; baseline -0.013 -13"><span class='ocrx_word' id='word_1_292' title='bbox 1623 235 1702 274; x_wconf 86' lang='lat'>205</span> 
     </span>
    </p>
   </div>
   <div class='ocr_carea' id='block_1_5' title="bbox 1640 799 1702 830">
    <p class='ocr_par' dir='ltr' id='par_1_19' title="bbox 1640 799 1702 830">
     <span class='ocr_line' id='line_1_44' title="bbox 1640 799 1702 830; baseline -0.016 -10"><span class='ocrx_word' id='word_1_293' title='bbox 1640 799 1702 830; x_wconf 92' lang='lat'>140</span> 
     </span>
    </p>
   </div>
   <div class='ocr_carea' id='block_1_6' title="bbox 1635 2094 1696 2126">
    <p class='ocr_par' dir='ltr' id='par_1_20' title="bbox 1635 2094 1696 2126">
     <span class='ocr_line' id='line_1_45' title="bbox 1635 2094 1696 2126; baseline 0 0"><span class='ocrx_word' id='word_1_294' title='bbox 1635 2094 1696 2126; x_wconf 90' lang='lat'>160</span> 
     </span>
    </p>
   </div>
   <div class='ocr_carea' id='block_1_7' title="bbox 1628 2751 1691 2785">
    <p class='ocr_par' dir='ltr' id='par_1_21' title="bbox 1628 2751 1691 2785">
     <span class='ocr_line' id='line_1_46' title="bbox 1628 2751 1691 2785; baseline 0 -11"><span class='ocrx_word' id='word_1_295' title='bbox 1628 2751 1691 2785; x_wconf 79' lang='lat'>170</span> 
     </span>
    </p>
   </div>
  </div>
 </body>
</html>
