2095 3173
392 256 473 296 250

865 243 997 285 VOX
1038 244 1396 286 CLAMANTIS

502 350 584 389 Hic
613 356 672 389 est
701 356 890 397 versutus,
921 350 1090 388 inimicis
1120 350 1220 400 regis
1248 350 1410 397 amicus,

501 417 667 466 Semper
695 416 854 463 venalis,
886 415 983 453 dum
1011 421 1124 453 vacat
1152 415 1237 464 ipse
1265 415 1381 454 lucris
1397 430 1407 463 ;

504 482 721 531 Vipereum
750 492 876 530 genus
907 486 946 518 et
974 493 1121 518 vanum
1151 481 1395 531 plenumque
1423 493 1592 528 veneno,

503 546 737 594 Fraudibus,
770 546 934 594 insidiis,
965 546 1114 585 artibus
1144 559 1251 584 arma
1279 553 1413 596 parat:

504 613 668 660 Semper
696 611 737 648 in
767 611 920 649 insidiis
949 608 1062 650 sed'et
1091 612 1353 663 incautisqueo
1371 624 1516 650 nocere

503 677 701 726 Temptat,
732 672 959 715 et‘occulto
988 676 1151 714 fabricat
1180 677 1264 726 ipse
1293 677 1420 715 dolos.

504 741 586 779 Hic
614 741 760 779 rimans
790 742 944 780 animos
972 741 1180 780 hominum
1210 749 1359 780 secreta
1388 742 1546 789 reuelat,

504 807 555 845 Et
584 807 720 845 similis
751 807 853 845 Iude
882 807 1045 845 fabricat
1074 814 1162 845 acta
1191 819 1272 845 sua.

558 872 640 921 Qui
669 879 708 910 te
737 872 931 919 sollicitat,
962 884 1039 919 rex,
1070 878 1109 910 et
1138 870 1369 910 subuertere
1398 878 1576 922 temptat,

504 938 585 986 Qui
614 943 654 976 te
683 937 894 986 persuadet
923 937 1078 975 soluere
1108 936 1214 975 iussa
1243 937 1321 984 dei,

505 1003 606 1051 Quis
637 1003 685 1040 sit
714 1010 753 1040 et
782 1003 867 1052 ipse
896 1002 996 1048 vide,
1029 1002 1156 1052 qualis
1185 1002 1247 1040 vel
1276 1002 1536 1049 condicionis,

504 1069 586 1105 Aut
614 1067 687 1106 tibi
717 1068 748 1105 si
778 1079 868 1105 vera
896 1067 1029 1106 dicere
1057 1067 1178 1106 verba
1207 1067 1311 1105 velit.

506 1133 672 1171 Discute
702 1139 837 1170 mente
866 1133 972 1182 prius
1003 1133 1182 1170 animum
1211 1131 1452 1182 temptantis,
1485 1138 1524 1170 et
1552 1131 1645 1169 audi

506 1198 546 1236 Si
575 1198 637 1236 vel
666 1204 893 1236 constanter
921 1198 982 1236 vel
1012 1196 1240 1236 dubitanter
1267 1203 1367 1247 agat,

506 1263 546 1301 Si
575 1263 647 1301 tibi
676 1270 869 1313 pre-ponat
899 1262 1078 1310 dubium,
1110 1262 1321 1301 mendacia
1350 1263 1528 1312 fingens:

506 1329 670 1378 Semper
699 1328 891 1378 deprendi
921 1327 1040 1366 verba
1070 1328 1210 1366 dolosa
1239 1328 1392 1365 timent.

509 1392 614 1433 Cum
644 1394 693 1432 sit
722 1406 841 1432 causa
870 1394 962 1441 doli,
994 1394 1060 1443 pie
1087 1406 1164 1440 rex,
1196 1400 1238 1431 tu
1267 1393 1428 1431 credere
1457 1392 1549 1439 noli,

507 1459 548 1497 Si
576 1459 665 1509 quis
694 1466 784 1509 agat
812 1471 944 1508 praue,
975 1465 1018 1496 tu
1048 1471 1119 1496 sua
1146 1459 1249 1496 facta
1278 1471 1388 1496 caue.

509 1525 662 1562 Multus
692 1537 773 1562 non
803 1524 939 1571 credit,
971 1524 1044 1561 nisi
1075 1536 1168 1561 cum
1197 1535 1257 1561 res
1287 1523 1404 1561 noxia
1433 1523 1553 1570 ledit3

508 1591 615 1628 Ante
644 1602 808 1627 manum
838 1590 994 1638 sapiens
1023 1589 1208 1638 prouidet
1236 1595 1324 1627 acta
1352 1600 1519 1638 regens:

510 1655 774 1704 Decipiuntur
803 1666 896 1692 aues
926 1665 995 1703 per
1023 1660 1162 1692 cantus
1192 1666 1286 1703 sepe
1315 1665 1482 1700 suaues,

511 1721 676 1767 Blande,
707 1732 783 1766 rex,
815 1720 948 1769 lingue
977 1720 1119 1757 mellea
1147 1718 1266 1757 verba
1294 1719 1395 1768 fuge.

510 1787 610 1833 Rex,
641 1784 748 1823 bona
778 1785 897 1834 digna
926 1784 1042 1823 bonis
1071 1785 1123 1822 da
1152 1785 1312 1834 premia,
1344 1797 1421 1831 rex,
1453 1790 1492 1822 et
1521 1783 1666 1832 iniquis

509 1852 602 1900 Que
631 1863 702 1889 sua
732 1850 950 1900 promeruit
978 1850 1129 1899 premia
1157 1850 1274 1899 culpa
1302 1849 1442 1887 dabis:

511 1917 630 1954 Latro
658 1914 790 1953 bonus
819 1914 975 1952 veniam
1006 1914 1137 1953 Cristo
1166 1914 1377 1952 miserante
1406 1920 1588 1961 meretur,

512 1982 663 2019 Penam
692 1979 908 2030 promeruit
938 1979 978 2016 in
1008 1991 1125 2017 cruce
1154 1979 1252 2017 latro
1282 1979 1421 2016 malus.

511 2046 764 2096 Obsequium
792 2057 959 2094 prauum
988 2044 1105 2082 trahit
1134 2057 1156 2083 e
1184 2043 1369 2082 manibus
1397 2055 1516 2093 graue
1546 2042 1709 2089 donum,

514 2113 606 2161 Que
635 2117 726 2149 sunt
755 2110 858 2148 facta
887 2122 959 2147 suo
989 2110 1068 2148 fine
1097 2108 1250 2148 notabit
1280 2110 1414 2147 homo.

567 2177 608 2216 Si
637 2176 764 2214 scelus
793 2175 927 2212 vlcisci
957 2175 1062 2212 racio
1091 2175 1309 2212 certissima
1337 2174 1477 2223 poscit,

514 2245 647 2281 Iustus
676 2241 717 2277 in
746 2240 824 2277 hoc
852 2251 946 2277 casu
976 2239 1086 2288 quod
1115 2239 1231 2277 decet
1260 2239 1357 2276 illud
1387 2250 1469 2287 age.

515 2308 626 2346 Ficta
654 2305 726 2344 tibi
755 2305 880 2354 pietas
909 2316 992 2342 non
1021 2304 1193 2342 mulceat
1223 2316 1360 2353 aspera
1390 2303 1494 2349 iuris,

515 2373 631 2411 Vlcio
660 2371 851 2409 iudicium
880 2369 1079 2419 compleat
1108 2369 1232 2407 immo
1261 2377 1397 2407 tuum:

514 2439 618 2488 Sepe
646 2436 792 2486 pericla
822 2435 901 2473 fera
931 2434 1004 2473 fert
1033 2434 1175 2472 iudicis
1204 2434 1308 2472 vlcio
1337 2433 1459 2479 tarda,

517 2503 694 2542 Destruit
723 2502 788 2540 ille
817 2501 946 2539 bonos
976 2500 1044 2550 qui
1073 2500 1165 2537 sinit
1194 2510 1280 2536 esse
1309 2499 1446 2536 malos.

517 2569 708 2606 Diuersas
735 2579 857 2616 penas
887 2565 1053 2604 diuersis
1082 2564 1219 2603 addito
1248 2564 1385 2613 culpis,

518 2634 631 2671 Mille
660 2633 752 2670 mali
782 2632 944 2681 species,
976 2631 1083 2669 mille
1110 2630 1246 2668 salutis
1276 2636 1402 2667 erunt.

518 2698 662 2737 Iudicii
691 2698 848 2747 signum
877 2697 1030 2746 gladius
1060 2702 1278 2734 monstrare
1306 2695 1470 2742 videtur,

519 2763 701 2801 Proditor
729 2769 770 2801 vt
799 2763 935 2812 periat,
966 2774 1031 2800 rex
1061 2767 1170 2799 tenet
1199 2772 1306 2798 arma
1335 2772 1467 2798 secus:

520 2829 607 2867 Rex
636 2827 770 2866 iubeat
799 2828 897 2867 tales
926 2828 1070 2877 laqueo
1100 2838 1216 2875 super
1243 2826 1322 2863 alta
1351 2825 1484 2871 leuari,

1805 941 1871 983 670

1807 1591 1873 1621 680

1811 2242 1877 2283 690

469 2903 534 2943 663
558 2903 731 2943 Viperium
748 2903 806 2934 CE
895 2903 961 2943 679
985 2902 1068 2942 legit
1085 2901 1109 2933 S
1199 2901 1264 2941 698
1288 2901 1399 2941 periat
1417 2899 1510 2931 SHT
1555 2901 1674 2939 pereat
1691 2896 1813 2928 CEDL

2043 1186 2053 1228 a·-

2039 1367 2051 1448 §.4⁴
2040 1343 2042 1349 *
