2095 3173
408 252 489 292 280

875 249 1006 291 VOX
1047 247 1406 289 CLAMANTIS

518 358 647 397 Factis
676 358 727 395 de
756 357 898 395 nostris
927 355 1047 393 hodie
1076 354 1319 392 conuertitur
1347 353 1387 391 in
1417 365 1514 401 cras,

517 425 715 462 Dicuntur
743 421 845 458 facta
874 433 952 469 que
982 418 1205 468 peragenda
1233 425 1406 456 manent.

517 490 637 527 Nunc
665 487 793 524 aliena
822 484 897 523 sibi
925 485 1008 522 vult
1033 496 1154 533 regna
1181 482 1365 532 superbia
1393 482 1522 530 subdi,

519 554 610 601 Que
639 552 702 588 vix
730 551 771 588 in
801 549 960 599 proprio
988 556 1064 586 stat
1093 548 1278 586 semituta
1305 548 1404 586 solo.

518 618 628 656 Bella
657 622 769 654 tonat
797 614 926 652 valide
955 613 1137 652 thalamis
1165 613 1332 651 audacia
1360 613 1504 662 lingue,

518 684 667 720 Vecors
697 687 754 718 set
783 680 933 728 campis
963 691 1044 716 non
1074 685 1211 716 mouet
1240 678 1305 716 illa
1333 690 1498 716 manus:

519 747 602 786 Sub
630 747 730 785 facie
758 757 895 795 guerre
924 757 997 782 nos
1025 745 1195 782 multant
1222 744 1399 793 Vndique
1427 749 1525 790 taxe,

517 813 728 861 Vniusque
756 812 866 849 lucro
892 810 999 848 milia
1027 810 1201 859 dampna
1230 810 1323 847 scio.

519 878 699 916 Libertas
728 876 843 914 solita
872 887 996 924 nuper
1026 875 1149 912 modo
1177 875 1298 912 fertur
1325 886 1455 921 auara,

518 944 570 982 Et
599 943 722 992 magis
752 942 902 991 ingrata
930 940 1168 978 condicione
1196 947 1353 988 grauat:

519 1009 667 1048 Omnia
695 1019 763 1057 pre
791 1005 976 1044 manibus
1004 1005 1196 1055 promittit
1225 1005 1374 1054 premia
1403 1004 1537 1051 seruis,

519 1077 607 1113 Nec
634 1080 876 1111 memoratur
903 1084 962 1118 eo,
993 1083 1085 1108 cum
1115 1070 1218 1109 bene
1245 1070 1338 1108 fecit
1366 1070 1500 1108 homo.

521 1141 588 1179 Nil
616 1146 728 1177 vetus
758 1138 940 1186 exemplo
969 1149 1076 1174 nunc
1105 1136 1243 1185 regula
1267 1136 1420 1182 sufficit,
1451 1135 1575 1173 immo

521 1208 623 1245 Acta
651 1205 741 1243 loco
770 1204 863 1241 iuris
892 1203 1083 1240 ammodo
1111 1203 1211 1240 velle
1240 1208 1359 1251 reget.

578 1293 650 1331 Est
677 1292 801 1330 modo
830 1291 881 1329 fel
910 1289 1048 1337 mellis,
1081 1295 1119 1327 et
1147 1290 1248 1327 liuor
1275 1289 1420 1327 amoris
1449 1288 1500 1327 ad
1529 1288 1650 1327 instar
1666 1303 1677 1337 3

525 1358 647 1407 Quod
675 1363 783 1407 patet
813 1355 992 1402 exterius,
1024 1355 1100 1393 hoc
1130 1355 1251 1392 nichil
1280 1353 1386 1392 intus
1415 1354 1546 1392 habet.

521 1426 612 1462 Vox
641 1423 739 1461 leuis
768 1422 833 1458 illa
863 1420 999 1467 Iacob,
1031 1421 1137 1457 Esau
1167 1433 1308 1458 manus
1338 1420 1495 1469 hispida
1525 1431 1651 1469 nuper

524 1487 741 1534 Fallebant,
773 1494 830 1524 set
860 1485 912 1524 ob
942 1486 1019 1523 hoc
1048 1486 1157 1535 signa
1186 1485 1316 1523 futura
1344 1485 1516 1524 dabant:

525 1552 729 1603 Quicquid
757 1551 876 1589 verba
906 1551 1035 1588 ferunt
1064 1550 1187 1588 modo
1218 1563 1309 1587 nam
1340 1550 1528 1588 bonitatis
1557 1550 1608 1588 ad
1637 1562 1760 1597 aures,

525 1619 629 1658 Cum
658 1615 798 1666 probat
828 1615 925 1653 illud
955 1628 1053 1664 opus
1084 1621 1205 1662 actus,
1237 1615 1374 1664 iniqua
1401 1615 1509 1664 gerit.

524 1684 653 1724 Cessit
682 1682 834 1720 iusticia
863 1681 1059 1729 cessitque
1090 1680 1187 1718 fides
1217 1681 1374 1727 sociata,

527 1751 658 1795 Fraus,
691 1748 806 1786 dolus
836 1753 956 1795 atque
986 1758 1101 1783 suum
1132 1746 1208 1783 iam
1240 1745 1396 1783 subiere
1426 1746 1569 1784 locum.

527 1815 645 1852 Nunc
675 1812 771 1851 socii
800 1812 929 1848 luctus
959 1811 1068 1848 socio
1096 1811 1203 1848 velut
1233 1823 1379 1860 organa
1407 1811 1626 1860 plaudunt3

524 1881 638 1917 Vnus
667 1879 698 1916 si
728 1877 858 1927 presit‚
890 1875 1038 1914 invidet
1067 1877 1164 1914 alter
1192 1876 1238 1914 ei.

527 1946 588 1983 Ex
616 1945 793 1992 dampno
821 1941 946 1980 fratris
975 1942 1091 1980 frater
1121 1954 1191 1979 sua
1220 1942 1434 1980 commoda
1463 1942 1602 1991 querit,

528 2012 580 2048 Et
609 2022 717 2048 soror
746 2009 797 2046 ad
825 2008 985 2045 laudem
1015 2020 1100 2045 raro
1131 2007 1272 2045 sororis
1301 2007 1402 2056 agit:

529 2076 651 2113 Filius
682 2074 722 2111 in
752 2079 876 2110 matre
905 2072 983 2110 iam
1014 2073 1131 2110 sentit
1160 2071 1307 2110 habere
1337 2084 1562 2119 nouercam,

529 2139 657 2179 Sentit
687 2145 725 2177 et
754 2138 829 2175 hec
859 2137 939 2175 nati
969 2137 1137 2186 plurima
1165 2137 1267 2175 facta
1296 2137 1402 2175 doli:

530 2205 628 2243 Filia
658 2210 856 2241 maternos
885 2209 996 2239 actus
1026 2202 1227 2249 detractat,
1259 2209 1298 2240 et
1329 2203 1411 2251 ipsa

530 2272 660 2308 Mater
689 2269 767 2306 iarn
796 2274 929 2305 natam
960 2268 1107 2316 spernit
1137 2274 1175 2305 et
1206 2267 1290 2305 odit
1319 2279 1418 2305 eam.

530 2335 652 2374 Filius
681 2340 773 2371 ante
803 2332 909 2370 diem
939 2332 1084 2381 patrios
1115 2332 1191 2369 iarn
1223 2338 1374 2381 spectat
1403 2332 1444 2369 in
1472 2344 1610 2379 annos,

530 2401 617 2438 Nec
641 2399 748 2437 videt
778 2411 824 2436 ex
853 2398 977 2436 oculis
1006 2409 1099 2435 ceca
1127 2397 1274 2446 cupido
1300 2397 1402 2434 suis:

530 2466 588 2504 Sit
616 2465 706 2502 licet
736 2464 819 2513 ipse
848 2475 1000 2512 parens,
1032 2462 1132 2499 natis
1162 2462 1293 2499 minus
1322 2462 1467 2511 impius
1496 2462 1580 2512 ipse

532 2532 626 2569 Non
656 2536 725 2576 est,
757 2542 831 2567 nec
860 2529 990 2566 cordis
1018 2528 1166 2565 viscera
1195 2528 1323 2576 suplet
1353 2529 1431 2566 eis:

533 2596 675 2634 Nullus
705 2607 816 2632 amor
844 2593 966 2642 parcit
995 2593 1179 2642 cuiquam
1210 2605 1330 2641 quem
1359 2593 1491 2631 ledere
1520 2594 1643 2643 possit
1658 2608 1668 2641 3

533 2660 655 2709 Quod
684 2659 844 2697 voluere
873 2658 965 2705 duo,
997 2656 1139 2696 tercius
1168 2669 1254 2695 esse
1283 2663 1411 2706 negat.

533 2725 650 2763 Plebs
680 2725 764 2762 sine
794 2725 875 2761 iure
905 2730 1049 2770 manet,
1081 2735 1161 2761 non
1191 2729 1249 2760 est
1279 2724 1345 2772 qui
1376 2724 1458 2761 iura
1486 2729 1627 2770 tuetur,

534 2791 627 2828 Non
657 2796 715 2827 est
744 2789 811 2838 qui
841 2788 957 2836 dicat,
991 2790 1105 2827 ‘Iura
1134 2795 1266 2826 tenere
1295 2788 1433 2826 decet.'

534 2856 691 2894 Viuitur
720 2868 766 2894 ex
795 2862 918 2905 rapto,
950 2856 1012 2892 vix
1040 2855 1184 2904 hospes
1213 2852 1263 2892 ab
1292 2854 1448 2903 hospite
1477 2861 1595 2902 tutus,

889 2946 951 2976 291
973 2935 1141 2975 Ordinary
1152 2941 1288 2978 paragr.
1307 2935 1429 2967 CEDL

1817 553 1879 583 280

1821 1216 1884 1249 290

1824 1891 1888 1922 300

1825 2544 1891 2577 310
