2095 3173
11 3023 23 3102 ᾖ

677 230 866 271 LIBER
906 230 1147 273 PRIMUS

285 336 490 386 Quicquid
518 344 600 376 erat
627 337 727 376 forte
755 338 940 377 manibus
969 337 1192 377 succumbit
1220 352 1369 387 eorum,

282 401 387 439 Vrbs
416 414 494 451 que
522 415 677 440 summa
705 403 787 450 fuit,
819 403 918 442 cede
946 416 1120 453 repressa
1148 405 1250 444 ruit:

283 466 475 505 Turribus
505 467 651 506 euersis
680 468 842 506 inuenta
870 467 1017 506 cibaria
1045 475 1209 517 vastant,

285 531 433 570 Omnia
462 532 651 581 diripiunt
680 545 758 582 que
787 534 950 571 meliora
979 534 1118 572 sciunt.

338 597 403 634 Fit
432 609 561 635 nouus
589 610 682 647 ergo
711 598 836 645 dolor,
869 598 912 636 fit
941 599 1132 647 planctus,
1164 600 1292 639 luctus
1322 601 1496 648 invndat‚

284 661 430 700 Deuiat
459 674 482 699 a
510 662 618 700 cultu
647 663 747 712 regis
776 663 906 712 iniqus
936 664 1082 704 homo:

284 728 425 764 Annos
455 739 525 776 per
552 734 714 765 centum
743 735 893 766 veteres
923 741 1023 778 quos
1053 730 1215 769 duxerat
1245 737 1339 778 etaS‚

284 791 453 829 Flebant
481 792 532 830 de
561 805 654 830 casu
684 805 804 842 quem
833 793 944 832 dedit
973 807 1048 832 vna
1078 795 1174 834 dies.

284 857 378 895 Plus
408 869 529 907 quam
558 858 676 907 piscis
704 871 850 908 aquam
878 859 1006 898 rabies
1035 861 1144 910 cupit
1175 861 1258 911 ipsa
1287 873 1478 909 cruorem,

285 923 399 961 Pacis
429 923 470 960 in
498 924 687 961 auxilium
717 937 791 962 nec
820 925 1005 964 miserere
1034 926 1165 965 iuuat:

285 989 362 1026 Pro
392 995 486 1027 nato
514 989 668 1038 genitor
697 990 728 1027 si
757 989 877 1028 verba
906 992 1114 1040 precancia
1142 992 1250 1039 dixit,

285 1054 443 1093 Corruit
472 1066 518 1092 ex
547 1054 668 1092 verbo
696 1067 811 1093 cesus
839 1062 1002 1105 vterque
1030 1057 1171 1095 simul:

285 1119 325 1158 Si
353 1119 510 1157 veniam
540 1127 702 1169 peteres,
735 1120 847 1158 fleres
877 1128 915 1159 et
944 1121 995 1159 ad
1024 1122 1101 1159 hoc
1131 1123 1247 1160 maris
1276 1123 1412 1169 vndas,

286 1185 380 1223 Non
409 1192 543 1223 tamen
572 1185 647 1223 hee
675 1186 845 1235 lacryme
873 1187 1050 1234 pondera
1079 1187 1187 1225 vocis
1213 1187 1373 1225 habent.

285 1251 402 1288 Tunc
431 1250 554 1299 magis
583 1250 796 1288 indomitas
825 1251 994 1289 ardescit
1023 1252 1161 1301 vulgus
1191 1252 1231 1289 in
1261 1253 1345 1299 iras,

285 1317 340 1354 Vt
370 1316 494 1354 rediat
523 1315 648 1364 pietas
678 1315 732 1353 nil
761 1316 918 1354 valuere
947 1328 1108 1366 preces:

286 1381 544 1430 Consumptis
574 1380 756 1430 precibus
786 1381 932 1419 furiens
961 1382 1177 1420 violencior
1205 1389 1309 1421 extat

286 1447 486 1494 Rusticus,
518 1454 557 1485 et
586 1446 697 1496 peius
727 1447 837 1496 quod
865 1447 967 1485 valet
996 1448 1080 1496 ipse
1109 1448 1211 1485 facit.

285 1513 351 1551 Sic
380 1525 454 1551 nec
482 1525 575 1563 aper
603 1512 736 1550 media
765 1513 864 1550 silua
893 1519 974 1550 tam
1003 1525 1121 1551 seuus
1151 1514 1191 1551 in
1221 1514 1276 1551 ira

287 1578 498 1617 Fulmineo
527 1578 686 1628 rapidos
716 1584 897 1616 conrotat
925 1591 993 1617 ore
1022 1591 1171 1627 canes;

287 1644 397 1693 Quin
427 1644 549 1682 cicius
578 1643 711 1691 verbo,
743 1644 852 1682 furiis
881 1644 991 1694 quod
1021 1644 1174 1691 dixeris,
1206 1657 1285 1683 vno

287 1710 485 1749 Sensisses
514 1710 640 1747 lesum
671 1709 711 1746 in
740 1716 859 1758 caput
888 1722 996 1747 arma
1025 1716 1149 1747 tuum.

341 1775 566 1815 Consusum
595 1781 706 1813 tanto
735 1774 866 1813 subite
893 1781 1039 1813 terrore
1068 1775 1189 1821 ruine,

288 1841 365 1878 Vix
393 1852 518 1890 genus
548 1840 765 1889 ingenuum
795 1841 867 1878 scit
894 1852 1018 1888 genus
1047 1852 1134 1878 esse
1164 1852 1290 1878 suum.

291 1905 457 1956 Diffugit
487 1905 693 1954 ingenuus,
724 1911 848 1954 vagat,
880 1912 918 1942 et
947 1917 1022 1942 nec
1050 1904 1234 1943 menibus
1264 1903 1367 1943 vrbis

291 1973 372 2009 Aut
401 1982 609 2009 nemorum
638 1969 796 2008 latebris
826 1969 898 2008 fert
927 1969 1014 2007 loca
1043 1976 1125 2007 tuta
1154 1970 1270 2007 satis:

290 2037 403 2075 Mille
431 2036 575 2074 domos
603 2035 700 2073 adiit
729 2041 875 2073 sortem
905 2035 1121 2084 repetendo
1150 2035 1295 2082 salutis,

289 2103 356 2141 Set
386 2101 514 2151 potuit
543 2101 653 2138 nullo
682 2101 780 2138 ferre
808 2100 942 2149 quieta
970 2100 1082 2138 loco:

291 2169 410 2206 Nunc
439 2167 527 2214 huc,
559 2178 666 2203 nunc
696 2166 798 2212 illue,
830 2165 942 2215 quasi
972 2165 1104 2203 mocio
1133 2163 1251 2202 nubis
1280 2176 1440 2214 aquose‚

290 2234 341 2272 Se
370 2239 505 2270 mouet
534 2232 740 2281 ingenuus,
772 2231 815 2268 fit
845 2242 976 2280 neque
1005 2231 1117 2268 firma
1145 2230 1273 2268 salus:

290 2299 362 2336 Vir
390 2298 510 2336 cubat
538 2298 579 2335 in
608 2297 748 2346 puteis,
780 2295 949 2334 latebras
979 2296 1102 2345 magis
1132 2302 1242 2345 optat
1271 2296 1432 2342 Auerni,

292 2365 424 2413 Quam
456 2363 648 2412 periturus
677 2368 770 2409 erat,
801 2361 898 2400 dum
927 2361 1077 2399 latitare
1106 2367 1235 2410 queat.

292 2432 330 2468 A
358 2429 465 2467 siluis
495 2428 604 2474 silue,
636 2435 694 2466 set
722 2427 774 2465 ab
803 2427 906 2465 aruis
934 2439 1028 2464 arua
1057 2426 1281 2472 umescunt,

292 2493 397 2532 Vrbs
427 2500 466 2532 et
494 2492 544 2531 ab
573 2492 679 2541 vrbe,
711 2493 822 2531 locus
852 2492 978 2530 nescit
1007 2491 1153 2529 habere
1181 2491 1278 2527 loca.

294 2561 428 2608 Quam
458 2558 589 2596 subito
618 2558 765 2607 positas
794 2557 963 2607 aspergit
993 2555 1183 2604 sangume
1212 2566 1369 2592 mensas

296 2625 370 2662 Ille
397 2624 514 2670 furor,
545 2623 657 2660 cuius
686 2623 836 2660 horruit
864 2629 952 2660 acta
981 2621 1104 2659 deus!

295 2690 516 2738 Spersaque
544 2687 769 2737 sanguineis
798 2687 1035 2725 maduerunt
1064 2683 1209 2734 pabula
1236 2683 1366 2733 guttis,

296 2755 384 2792 Nec
412 2753 522 2791 locus
550 2759 617 2791 aut
646 2752 842 2790 thalamus
872 2752 940 2790 dat
968 2751 1056 2788 loca
1084 2749 1192 2787 salua
1221 2748 1321 2787 viris.

1589 248 1642 288 55

1557 672 1644 704 1180

1564 1334 1648 1367 1190

1566 1984 1650 2006 Izco

1571 2634 1653 2656 1210

234 2851 321 2881 1190
343 2839 463 2871 redeat
479 2839 506 2870 C
624 2849 709 2878 1199
731 2848 838 2877 vagus
856 2838 888 2869 D
1006 2836 1091 2868 1206
1114 2834 1224 2874 Quem
1243 2835 1275 2866 D
1392 2844 1477 2875 1209
1500 2833 1652 2874 mensas]

188 2902 350 2925 mammas
368 2892 399 2923 D
533 2900 615 2922 1212
638 2889 734 2922 locus
752 2890 777 2923 S
909 2889 1031 2922 thorus
1047 2886 1210 2920 CEHGD
