2095 3173
695 227 883 267 LIBER
927 227 1167 269 PRIMUS
1611 245 1662 282 27

302 333 357 371 Vt
387 333 501 372 flores
531 334 700 383 legerem
730 346 796 372 me
825 334 974 384 campis
1004 335 1058 373 ire
1089 334 1289 384 putabam,

303 398 478 446 Quando
508 411 619 436 suam
648 400 846 449 propriam
878 401 985 438 Mars
1015 400 1109 438 colit
1139 400 1221 449 ipse
1251 401 1369 439 diem.

303 463 389 501 Nec
419 463 539 501 michi
569 465 687 514 longa
715 465 777 503 via
806 466 941 512 fuerat,
974 465 1069 504 dum
1100 466 1277 514 proxima
1305 466 1384 504 vidi

304 529 616 567 Innumerabilia
645 537 820 568 monstra
849 531 1027 568 timenda
1056 531 1186 578 nimis,
1603 545 1663 579 170

303 593 491 632 Diuersas
521 593 647 643 plebis
678 602 801 633 sortes
830 596 997 644 vulgaris
1027 596 1181 646 iniquas

302 659 527 698 Innumeris
556 659 694 698 turmis
723 660 778 699 ire
807 672 876 710 per
903 673 997 699 arua
1025 674 1165 711 vagas:

301 726 491 774 Dumque
520 726 599 764 mei
629 725 762 763 turbas
793 727 897 764 oculi
927 727 983 764 sic
1013 727 1271 776 intuerentur,

301 791 426 828 Miror
455 798 493 829 et
523 791 561 829 in
592 798 700 830 tanta
729 792 944 831 rusticitate
973 793 1107 842 magis,

301 856 407 893 Ecce
437 856 501 893 dei
532 856 665 894 subito
694 857 927 895 malediccio
958 858 1063 895 fulsit
1093 858 1132 895 in
1163 857 1261 905 illos,

302 921 353 958 Et
383 928 541 959 mutans
571 921 716 959 formas
746 922 890 960 fecerat
919 935 1004 961 esse
1035 923 1146 961 feras.

301 986 380 1034 Qui
411 986 564 1025 fuerant
593 987 775 1025 homines
805 988 911 1037 prius
942 988 1076 1027 innate
1105 988 1284 1035 racionis,

299 1053 511 1091 Brutorum
543 1054 694 1103 species
723 1053 923 1091 irracionis
953 1053 1127 1091 habent:

301 1118 488 1156 Diuersas
518 1125 665 1156 turmas
696 1119 931 1167 diuersaque
960 1119 1085 1156 forma
1115 1120 1265 1168 figurat,

300 1182 531 1231 Quamlibet
560 1190 599 1222 et
627 1183 784 1232 propria
812 1183 1051 1221 condicione
1081 1190 1203 1221 notat.
1600 1194 1661 1222 1⁸0

299 1249 490 1298 Sompnia
519 1249 677 1298 pondus
707 1247 867 1296 habent,
899 1249 992 1286 hinc
1022 1256 1080 1287 est
1102 1250 1220 1298 quod
1250 1250 1347 1288 mira
1376 1251 1590 1298 reuoluam,

302 1313 421 1352 Vnde
451 1314 575 1363 magis
603 1314 768 1363 vigilans
799 1326 885 1351 sum
916 1314 1140 1352 timefactus
1171 1314 1316 1358 adhuc.

351 1380 488 1417 Elatos
517 1379 649 1417 asinos
678 1379 808 1417 subita
838 1380 1015 1418 nouitate
1043 1380 1210 1419 rebelles

296 1444 400 1492 Vidi,
433 1456 507 1482 nec
536 1445 654 1483 frenis
684 1445 771 1494 quis
801 1445 1022 1483 moderauit
1051 1457 1144 1493 eos3

297 1511 458 1548 Viscera
487 1523 660 1560 namque
689 1523 759 1549 sua
788 1511 935 1560 repleta
964 1510 1093 1549 furore
1122 1512 1283 1550 leonum

297 1575 519 1613 Extiterant
548 1576 690 1625 predas
719 1576 759 1613 in
789 1576 1007 1625 repetendo
1038 1589 1139 1614 suas.

298 1641 474 1679 Perdidit
504 1641 679 1679 officium
707 1641 846 1690 capitis
877 1641 962 1680 sine
991 1642 1077 1691 lege
1106 1642 1331 1692 capistrum,

298 1708 407 1744 Dum
438 1707 580 1745 saltant
609 1707 709 1745 asini
739 1712 883 1744 cuncta
913 1719 982 1756 per
1009 1719 1104 1745 arua
1133 1709 1218 1757 vagi
1233 1722 1244 1756 3

295 1772 451 1810 Terruit
480 1784 530 1810 en
560 1780 725 1810 cunctos
754 1784 825 1810 sua
854 1773 1093 1810 sternutacio
1122 1773 1242 1821 ciues,

298 1837 404 1874 Dum
435 1837 638 1886 geminant
669 1838 783 1875 solita
811 1849 909 1875 voce
940 1837 1164 1887 frequenter
1192 1838 1280 1887 yha.
1601 1854 1661 1886 190

297 1903 395 1940 Sunt
426 1903 641 1951 onagrique
671 1902 788 1940 rudes
817 1902 916 1940 asini
946 1902 1146 1949 violenter,
1178 1909 1218 1941 et
1248 1903 1378 1941 omnis

297 1968 388 2015 Que
417 1967 489 2005 fuit
518 1967 660 2004 vtilitas
690 1967 853 2005 vtilitate
881 1972 997 2004 caret.

297 2032 480 2081 Amplius
509 2033 560 2070 ad
589 2032 721 2070 villam
752 2044 888 2069 saccos
917 2038 1071 2080 portare
1101 2039 1296 2078 recusant,

298 2097 385 2135 Nec
414 2109 578 2135 curuare
609 2109 678 2135 sua
708 2097 886 2146 pondere
916 2097 1033 2135 dorsa
1062 2097 1224 2145 volunt3

296 2162 363 2200 Set
392 2174 523 2211 neque
552 2163 698 2200 rurales
727 2169 864 2200 curant
894 2162 933 2199 in
963 2162 1166 2200 montibus
1197 2162 1349 2210 herbas,

296 2227 500 2265 Ammodo
530 2234 588 2265 set
617 2234 787 2277 querunt
816 2227 1005 2265 deliciosa
1033 2228 1156 2277 magis
1171 2242 1182 2276 3

295 2293 332 2330 A
361 2291 547 2331 domibus
575 2293 673 2331 alios
703 2293 914 2341 expellunt,
946 2293 1006 2330 ius
1037 2300 1075 2331 et
1103 2305 1296 2343 equorum

297 2357 450 2395 Iniuste
479 2358 646 2406 cupiunt
675 2358 926 2407 appropriare
955 2357 1041 2396 sibi.

351 2423 589 2461 Presumunt
618 2423 717 2460 asini
747 2423 956 2473 gemmatis
985 2424 1175 2462 ammodo
1207 2423 1316 2472 fungi

295 2487 419 2533 Senis,
450 2494 488 2526 et
517 2494 696 2537 comptas
726 2500 881 2537 semper
909 2487 1055 2526 habere
1084 2500 1245 2526 comas:
1591 2502 1654 2525 200

296 2553 350 2590 Vt
379 2559 491 2590 vetus
521 2554 606 2602 ipse
635 2566 747 2591 suam
777 2560 928 2591 curtam
960 2554 1169 2591 Burnellus
1199 2553 1333 2602 inepte

296 2617 477 2656 Caudam
506 2618 655 2668 longari
685 2619 736 2657 de
765 2619 943 2657 nouitate
970 2619 1090 2667 cupit,

298 2682 362 2720 Sic
391 2682 454 2720 isti
484 2683 614 2721 miseri
644 2696 749 2721 noua
778 2690 966 2732 tergaque
995 2683 1112 2732 longa
1141 2682 1355 2732 requirunt,

296 2748 351 2785 Vt
379 2748 442 2785 leo
471 2748 522 2786 de
551 2749 678 2787 cauda
707 2749 784 2787 sint
813 2755 852 2787 et
882 2748 1040 2787 Asellus
1070 2748 1187 2786 idem.

298 2813 407 2851 Pelle
435 2813 594 2851 leonina
622 2820 771 2852 tectum
802 2826 843 2852 se
872 2814 996 2863 pinxit
1025 2812 1199 2860 Asellus,

298 2879 349 2916 Et
379 2890 449 2916 sua
478 2879 719 2917 transcendit
748 2879 870 2929 gloria
900 2891 999 2917 vana
1029 2871 1218 2917 modum:
