2095 3173
400 237 454 276 88
882 238 1011 279 VOX
1053 238 1414 280 CLAMANTIS

509 345 600 393 Que
629 344 727 383 leuis
755 344 923 382 assiduis
953 343 1102 382 solibus
1131 350 1216 382 vsta
1245 344 1353 393 riget.
1813 359 1877 382 120

510 411 573 447 Tu
604 410 726 448 modo
755 410 858 447 clara
886 409 982 456 dies,
1014 409 1137 447 modo
1167 422 1245 447 nox
1274 415 1420 447 terrore
1448 410 1594 459 repleta
1609 423 1619 458 3

511 476 575 513 Tu
605 475 727 513 modo
757 474 931 523 pacifica,
963 486 1048 512 cras
1078 474 1178 523 petis
1207 487 1316 512 arma
1347 481 1440 514 tua:

512 541 631 578 Nunc
660 546 727 578 tua
756 540 906 578 deliciis
937 552 1019 578 sors
1049 540 1182 590 fulget,
1213 553 1320 578 nunc
1350 547 1388 579 et
1417 540 1558 578 amaris

513 606 648 651 Pallet,
679 611 718 643 vt
748 605 896 643 incerta
924 605 995 643 des
1024 604 1131 643 bona
1161 605 1313 655 desque
1343 606 1468 643 mala:

512 672 633 709 Parca
662 682 740 720 que
769 671 874 720 larga
904 682 1025 708 manu
1053 677 1096 709 tu
1126 672 1279 721 singula
1308 672 1460 721 premia
1488 670 1656 716 confers,

512 737 572 773 Ac
601 734 729 773 aufers
758 735 821 772 cui
851 735 920 782 vis,
951 735 1007 773 sic
1036 741 1104 773 tua
1132 736 1211 774 fata
1239 736 1351 785 geris.

568 799 662 837 Non
693 799 766 837 Iris
795 805 854 837 tot
883 800 1062 838 diuersos
1092 800 1131 837 in
1163 800 1270 838 nube
1301 800 1464 848 colores,

514 865 690 903 Marcius
719 871 786 902 aut
815 865 919 903 varia
948 871 1128 914 tempora
1158 866 1312 903 Mensis
1344 865 1476 913 habet,

515 930 624 978 Quin
653 929 777 979 magis
807 930 847 967 in
878 930 984 968 mille
1013 936 1142 979 partes
1171 937 1239 968 tua
1269 937 1449 980 tempora
1478 930 1637 978 scindis,

515 995 663 1035 Omnia
692 995 872 1034 dissimili
902 995 1025 1034 tincta
1053 996 1186 1034 colore
1214 1008 1365 1046 gerens.
1820 1008 1879 1040 130

515 1063 586 1100 Est
615 1062 820 1100 meretrice
851 1067 941 1099 tuus
970 1073 1082 1099 amor
1111 1067 1150 1099 et
1179 1061 1354 1099 fallacior
1384 1061 1504 1109 omni,

514 1127 566 1164 Et
595 1126 702 1164 velut
730 1126 982 1164 vnda'maris
1014 1126 1069 1164 sic
1099 1127 1208 1164 venis
1237 1133 1359 1176 atque
1389 1126 1517 1164 redis:

515 1191 647 1229 Nemo
677 1190 773 1228 sciet
803 1202 889 1229 sero
919 1202 997 1240 que
1026 1191 1075 1228 sit
1104 1197 1172 1229 tua
1200 1203 1318 1229 mane
1346 1191 1540 1238 voluntas,

517 1257 621 1294 Nam
651 1262 719 1293 tua
747 1267 860 1294 mens
890 1256 1014 1294 centri
1045 1256 1170 1294 nescit
1199 1255 1346 1294 habere
1374 1256 1534 1294 locum:

515 1320 648 1359 Omne
677 1332 800 1370 genus
830 1321 979 1367 lustras,
1011 1332 1086 1359 nec
1115 1321 1155 1358 in
1184 1321 1263 1359 vllo
1292 1321 1404 1358 firma
1433 1319 1642 1365 recumbis,

515 1384 704 1422 Turbinis
734 1391 773 1423 et
802 1392 921 1423 vento
950 1392 989 1424 te
1018 1385 1113 1423 facis
1144 1397 1230 1423 esse
1259 1397 1408 1434 parem.

518 1451 611 1488 Non
641 1456 708 1488 tua
736 1457 973 1499 conceptam
1003 1450 1124 1488 michi
1154 1450 1311 1488 firmant
1341 1451 1477 1488 oscula
1507 1462 1660 1500 pacem,

516 1515 621 1553 Nam
651 1521 719 1553 tua
747 1515 938 1565 principia
967 1515 1056 1553 finis
1086 1514 1232 1553 habere
1261 1521 1402 1564 negat:

517 1580 588 1617 Est
617 1580 702 1618 sine
730 1579 862 1618 radice
890 1586 958 1617 tua
985 1579 1173 1629 plantula,
1205 1591 1280 1617 nec
1308 1579 1484 1617 diuturni

517 1644 642 1682 Floris
671 1642 792 1682 habet
820 1644 991 1691 laudem,
1023 1655 1197 1693 namque
1226 1650 1388 1693 repente
1418 1644 1535 1682 cadit.
1818 1656 1881 1688 140

519 1709 642 1757 Quod
671 1708 746 1747 sibi
775 1714 1003 1758 permaneat
1032 1714 1100 1746 tua
1129 1709 1183 1745 nil
1214 1709 1414 1757 sapiencia
1443 1708 1606 1755 confert,

518 1773 585 1812 Set
614 1780 706 1812 sunt
735 1773 921 1823 ambigua
950 1774 1103 1824 singula
1133 1774 1240 1812 dona
1269 1780 1360 1812 tua:

519 1839 592 1877 Est
621 1846 688 1878 tua
713 1839 952 1889 prosperitas
980 1839 1156 1878 aduersis
1185 1839 1365 1888 proxima
1394 1838 1589 1889 dampnis,

521 1904 573 1942 Et
601 1911 680 1952 tua,
712 1904 742 1943 si
773 1916 851 1954 que
881 1904 940 1952 sit,
971 1904 1095 1954 gloria
1123 1904 1195 1942 rite
1224 1903 1368 1942 breuis.

457 2046 535 2081 Hic
564 2048 727 2082 tractat
755 2047 934 2083 vlterius
963 2047 1014 2082 de
1046 2047 1285 2082 mutacione
1317 2046 1487 2081 fortune
1516 2043 1740 2080 secundum
1774 2042 1883 2087 quod

410 2104 574 2140 dicunt:
610 2104 820 2139 concludit
844 2106 988 2139 tamen
1013 2105 1058 2139 in
1083 2105 1178 2145 fine,
1212 2103 1322 2148 quod
1355 2113 1490 2147 neque
1520 2104 1635 2137 sorte
1665 2102 1739 2136 aut
1769 2110 1883 2142 casu,

410 2165 476 2198 set
494 2173 546 2198 ex
562 2164 724 2198 meritis
741 2163 811 2198 vel
827 2163 1041 2198 demeritis
1059 2164 1171 2203 sunt,
1190 2173 1240 2197 ea
1258 2172 1337 2205 que
1354 2160 1593 2195 hominibus
1613 2160 1874 2203 contingunt.

270 2245 401 2293 Capm.
424 2243 489 2282 iiii.
575 2244 827 2282 Frustrantur
856 2244 989 2281 cuncti
1018 2249 1228 2292 querentes
1257 2242 1403 2292 gaudIa
1430 2240 1581 2287 mundi,

521 2309 626 2348 Nam
656 2309 813 2347 fortuna
841 2308 979 2358 nequit
1007 2308 1087 2346 mel
1116 2308 1201 2345 sine
1230 2307 1320 2346 felle
1349 2307 1466 2345 dare:

521 2373 677 2412 Invidie
705 2385 840 2412 comes
870 2380 928 2411 est
957 2372 1094 2410 melior
1124 2371 1291 2418 fortuna,
1324 2383 1398 2409 nec
1426 2381 1615 2419 vmquam

519 2438 618 2476 Fida
648 2438 740 2476 satis
769 2438 967 2487 cuiquam,
998 2436 1157 2474 mobilis
1188 2436 1312 2473 immo
1341 2440 1487 2472 manet.

522 2504 622 2552 Quis
652 2504 770 2542 miser
797 2503 953 2553 ignarus
981 2502 1138 2540 fortune
1167 2501 1316 2539 nesciat
1344 2500 1484 2538 actus?

521 2569 644 2617 Quod
673 2569 741 2607 dat
769 2569 877 2607 idern
905 2567 1016 2615 tollit,
1048 2566 1184 2604 infima
1214 2577 1370 2603 summa
1399 2564 1504 2602 facit.
1817 2577 1882 2609 150

522 2634 612 2672 Fert
641 2640 681 2672 vt
710 2635 804 2672 luna
832 2646 943 2672 suam
973 2634 1128 2671 fortuna
1157 2631 1387 2681 perambula
1415 2641 1580 2679 speram,

522 2700 727 2738 Decrescit
752 2699 896 2746 subito,
927 2698 1066 2737 crescit
1094 2703 1132 2735 et
1162 2696 1226 2734 illa
1255 2696 1357 2734 cito:

522 2764 684 2812 Crescit,
716 2764 918 2811 decrescit,
950 2762 1100 2801 stabilis
1130 2773 1204 2800 nec
1234 2762 1273 2799 in
1304 2760 1443 2799 ordine
1473 2759 1583 2806 sistit,

458 2853 518 2883 152
542 2844 675 2876 Crescit
703 2843 1016 2886 decrescitscrescit
1050 2842 1081 2873 D
1219 2850 1280 2882 153
1311 2839 1456 2881 Crescit,
1486 2838 1672 2881 decrescit]
1705 2837 1882 2870 Decrescit

413 2896 525 2927 subito
543 2896 574 2927 D
