2095 3173
719 210 907 250 LIBER
946 210 1260 252 SEPTIMUS
1644 225 1724 262 299

364 316 605 355 Subuertens
635 316 766 355 subito
796 317 905 366 quod
934 317 1005 354 fuit
1033 324 1124 355 ante
1153 324 1280 355 retro:

364 383 506 421 Predat
535 395 641 432 opes,
672 383 772 420 vires
801 383 974 430 nichilat‚
1005 382 1191 432 disiungit
1220 382 1380 430 amicos,

366 449 475 486 Auro
504 460 578 486 nec
607 448 746 486 redimi
776 448 1155 497 quomodocumque
1185 454 1341 497 potest:

364 513 485 551 Tollit
513 514 666 563 agenda
695 513 795 560 viris,
828 513 957 551 reddit
987 519 1118 551 tamen
1148 513 1301 552 actibus
1331 513 1447 563 ipsos,

364 577 585 627 Compotus
614 584 654 615 vt
683 577 748 615 fiat
777 576 917 615 iudicis
946 584 1038 616 ante
1067 578 1200 627 pedes.

364 640 436 678 Ille
465 640 627 689 quidem
659 640 794 686 Iudex,
827 640 895 689 qui
925 640 1076 689 singula
1106 640 1253 678 iudicat
1282 652 1395 689 eque,

363 705 532 743 Munera
560 717 679 754 quem
710 705 849 743 mundi
879 705 1036 743 flectere
1065 706 1173 743 nulla
1202 713 1376 755 queunt:
1656 718 1722 753 970

364 770 599 820 Iudicioque
629 783 700 808 suo
730 771 857 820 capiet
886 770 943 808 vir
971 771 1089 820 digna
1118 770 1262 809 laboris

363 835 516 873 Premia
545 847 616 884 pro
646 836 792 873 meritis
821 835 972 885 absque
1000 836 1135 874 fauore
1165 836 1258 874 suis.

300 958 380 993 Hic
421 958 604 1002 loquitur
646 958 768 1002 quod,
806 959 997 1002 quamuis
1037 958 1163 994 iustis
1210 961 1252 995 et
1292 959 1462 994 iniustis
1508 969 1619 994 vnus
1665 960 1722 993 sit

251 1017 503 1052 naturaliter
549 1017 760 1060 interitus,
806 1011 918 1053 mors
965 1019 1108 1053 tamen
1151 1017 1253 1053 iusti
1304 1028 1451 1053 omnes
1497 1018 1722 1053 exsoluens

252 1076 447 1111 miserias
472 1076 562 1110 eius
588 1076 779 1120 spiritum
806 1077 938 1120 glorie
963 1077 1099 1112 reddit
1125 1077 1389 1120 sempiterne.

77 1158 208 1206 Capm.
231 1158 330 1195 xviii.
418 1158 550 1195 Iustus
581 1163 618 1196 et
648 1156 814 1195 iniustus
843 1169 912 1207 per
940 1163 1108 1195 mortem
1137 1156 1273 1195 transit
1301 1163 1475 1207 vterque,

54 1187 56 1236 y
360 1224 561 1272 Terraque
591 1230 694 1261 sorte
724 1222 805 1272 pari
834 1235 976 1272 corpus
1006 1230 1214 1272 Vtrumque
1243 1229 1376 1262 vorat:

361 1287 566 1338 Disparilis
596 1287 723 1326 meriti
753 1295 868 1326 restat
898 1295 1032 1327 tamen
1060 1287 1184 1326 exitus
1215 1288 1368 1335 horum,

359 1354 431 1392 Est
460 1367 552 1392 nam
582 1354 659 1392 leta
689 1352 803 1392 bonis
833 1366 938 1392 mors
968 1360 1006 1392 et
1035 1366 1167 1391 amara
1195 1352 1318 1392 malis.

361 1420 432 1457 Est
461 1418 575 1469 igitur
604 1418 694 1457 felix
724 1419 846 1457 homo
876 1418 943 1468 qui
973 1418 1110 1457 viuens
1138 1418 1242 1457 bene
1271 1417 1373 1466 fecit,

361 1485 454 1533 Quo
483 1483 656 1523 moriens
685 1483 827 1534 poterit
856 1496 1011 1522 sumere
1041 1484 1147 1523 dona
1176 1483 1268 1532 dei;

359 1551 477 1588 Dona
506 1548 667 1599 quidem
697 1548 782 1597 celi,
815 1562 895 1599 quo
923 1548 1066 1599 gaudia
1095 1556 1238 1587 cuncta
1268 1549 1471 1599 refulgent,

357 1615 450 1664 Quo
479 1614 564 1653 sine
593 1614 753 1653 tristicia
781 1614 859 1653 vita
888 1613 1100 1665 perhennis
1130 1614 1211 1654 erit.
1651 1621 1717 1662 980

358 1681 468 1718 Mors
498 1679 632 1727 aberit,
665 1680 838 1727 morbus,
870 1680 991 1727 labor,
1023 1679 1157 1727 hostis,
1190 1692 1310 1717 curua
1339 1686 1531 1727 senectus,

358 1745 451 1782 Non
480 1743 599 1782 habet
628 1745 702 1783 hec
732 1744 822 1782 felix
850 1744 914 1782 illa
944 1757 1112 1793 superna
1141 1744 1308 1783 domus:

358 1808 564 1859 Spiritibus
595 1808 757 1847 summis
787 1808 948 1858 equabit
976 1808 1105 1858 gracia
1134 1808 1243 1858 regis,

358 1875 434 1912 Pro
464 1873 607 1923 quibus
637 1880 695 1911 est
725 1873 823 1911 vltro
853 1884 990 1922 passus
1019 1885 1151 1910 amara
1180 1872 1316 1912 crucis.

411 1938 492 1977 Hic
521 1946 580 1977 est
608 1938 672 1976 ille
701 1939 811 1977 locus
841 1937 947 1988 pacis
977 1951 1055 1988 que
1083 1937 1256 1987 potentis
1286 1938 1457 1986 honoris,

357 2004 449 2052 Quo
478 2003 640 2042 tenebre
669 2004 786 2050 nulle,
818 2016 898 2053 quo
927 2002 1012 2041 sine
1041 2010 1158 2041 nocte
1188 2002 1300 2051 dies,

356 2070 450 2118 Quo
480 2069 576 2107 deus
606 2068 802 2118 absterget
832 2067 1031 2106 lacrimam
1061 2069 1302 2118 luctumque,
1335 2081 1408 2107 nec
1438 2068 1530 2107 illuc

355 2132 536 2183 Amplius
565 2140 631 2171 aut
661 2134 808 2171 clamor
836 2141 903 2172 aut
932 2134 1045 2172 dolor
1074 2134 1173 2171 vllus
1203 2132 1298 2172 erit:

355 2198 441 2236 Nec
470 2210 575 2236 mors
605 2211 677 2236 nec
707 2198 879 2246 morbus,
909 2197 1001 2245 sitis,
1034 2197 1179 2237 esuries
1209 2211 1283 2237 nec
1312 2205 1473 2248 egestas,

353 2263 420 2301 Set
448 2276 578 2312 neque
606 2276 719 2301 casus
748 2263 867 2302 habet
895 2265 1001 2302 hunc
1030 2263 1206 2302 habitare
1235 2264 1378 2302 locum.
1646 2282 1709 2313 990

357 2329 441 2365 Lux
470 2327 524 2366 ibi
553 2329 752 2376 continua,
783 2341 858 2378 pax
887 2329 998 2378 iugis,
1029 2329 1150 2378 gloria
1180 2341 1330 2378 perpes,

356 2393 447 2430 Vita
475 2391 602 2440 beata,
634 2394 736 2431 salus
766 2406 865 2441 vera,
898 2394 1109 2443 perhennis
1138 2405 1275 2432 amor:

356 2458 428 2495 Est
456 2457 509 2496 ibi
539 2471 627 2507 spes
656 2472 734 2508 que
763 2459 873 2505 fides,
903 2459 1071 2505 bonitas,
1103 2459 1200 2504 laus,
1229 2458 1370 2508 gracia,
1402 2459 1535 2504 virtus,

355 2523 512 2569 Sensus,
543 2535 663 2570 amor,
693 2524 829 2573 pietas,
860 2524 992 2573 gloria,
1024 2524 1158 2570 forma,
1190 2522 1325 2561 decus.

357 2588 429 2624 Est
457 2587 541 2624 sine
571 2588 686 2626 sorde
714 2601 804 2626 caro
834 2588 1027 2635 iuuenilis,
1059 2594 1097 2625 et
1125 2587 1277 2637 absque
1306 2593 1466 2625 senecta

356 2653 460 2698 Etas,
492 2652 636 2690 diuicie
665 2660 753 2690 sunt
783 2653 866 2690 sine
896 2652 984 2690 labe
1012 2652 1117 2690 doli:

356 2717 426 2754 Est
456 2729 530 2765 pax
557 2715 708 2766 absque
736 2724 855 2765 metu,
887 2718 1014 2755 honor
1043 2716 1172 2754 omnis
1202 2721 1241 2754 et
1269 2715 1420 2766 absque
1450 2716 1621 2767 superbo
1636 2732 1646 2765 3

354 2780 518 2831 Absque
547 2781 680 2820 labore
708 2783 830 2831 quies,
861 2781 1012 2831 absque
1041 2781 1178 2820 dolore
1206 2781 1322 2820 salus.

847 2873 910 2904 997
933 2867 968 2894 et
985 2872 1052 2894 om.
1072 2862 1097 2893 S
