2912 4368
1640 761 1768 801 VOX
1809 761 2169 802 CLAMANTIS

1284 866 1355 903 Illa
1387 878 1458 903 nec
1490 867 1561 904 hos
1592 865 1717 904 rabies
1747 868 1803 904 sic
1833 868 1967 905 terruit
1998 868 2293 914 Accharonstas,

1284 932 1376 969 Hoc
1408 944 1536 980 neque
1567 933 1739 969 vindicta
1770 940 1946 981 tempore
1977 934 2062 970 talis
2093 941 2185 979 erat,

1284 998 1392 1044 Quin
1424 998 1527 1034 furor
1557 1009 1602 1034 ex
1635 997 1716 1034 istis
1747 1010 1824 1046 que
1853 999 1930 1035 vidi
1962 999 2086 1036 lurida
2117 999 2314 1044 monstris,

1286 1063 1376 1099 I‘lus
1407 1070 1539 1110 grauat
1569 1069 1606 1099 et
1637 1063 1744 1100 ciues
1775 1070 1890 1101 terret
1922 1062 2067 1113 vbique
2097 1064 2231 1113 magis.

1218 1205 1295 1239 Hic
1324 1206 1425 1239 dicit
1459 1216 1504 1240 se
1538 1216 1612 1249 per
1647 1208 1879 1250 sompnium
1910 1210 2075 1242 sextam
2104 1208 2220 1251 vulgi
2251 1210 2430 1241 turmam
2467 1208 2508 1241 in
2545 1219 2643 1241 aues

1170 1264 1423 1298 domesticas
1457 1265 1617 1299 vidisse
1650 1268 1869 1308 mutatam,
1905 1267 2052 1309 quibus
2087 1266 2187 1301 dicit
2221 1268 2326 1310 quod
2363 1267 2561 1307 bubones,
2606 1268 2645 1299 id

1171 1324 1236 1357 est
1254 1323 1469 1365 predones,
1490 1325 1703 1359 commixti
1722 1325 2053 1359 associebantur.

1035 1404 1163 1453 Capffl.
1188 1404 1250 1442 vii.
1341 1406 1420 1442 Res
1452 1405 1570 1442 michi
1602 1405 1698 1443 mira
1727 1405 1809 1452 fuit,
1842 1406 1938 1443 dum
1968 1406 2059 1443 talia
2088 1405 2391 1454 prospiciebam,

1283 1471 1334 1508 Et
1364 1477 1501 1519 stupor
1531 1472 1569 1507 in
1601 1478 1733 1509 mente
1764 1472 1894 1509 cordis
1924 1472 1974 1509 ad
2005 1484 2094 1520 yma
2124 1471 2209 1508 ruit.

1280 1536 1372 1573 Non
1405 1543 1484 1574 erat
1515 1549 1560 1574 ex
1591 1536 1714 1574 brutis
1744 1537 1889 1574 animal
1920 1537 2191 1586 quodcunque
2222 1543 2407 1581 creatum,

1280 1602 1401 1649 Quod
1432 1602 1481 1639 de
1512 1602 1642 1639 seruili
1673 1602 1911 1640 condicione
1942 1603 2022 1649 fuit,

1280 1666 1387 1714 Quin
1418 1679 1541 1715 genus
1572 1667 1611 1704 in
1642 1668 1791 1716 campis
1821 1668 1901 1705 vidi
1932 1668 1982 1705 de
2012 1667 2155 1705 talibus
2186 1678 2316 1712 omne,

1281 1732 1487 1781 Mixtaque
1517 1733 1572 1770 sic
1601 1733 1743 1782 pariter
1773 1740 1863 1770 sunt
1894 1734 2108 1771 metuenda
2138 1733 2275 1781 magis.
2582 1746 2644 1776 312

1280 1799 1353 1835 Per
1383 1799 1481 1847 iuga,
1515 1811 1583 1847 per
1612 1799 1742 1845 colles,
1776 1812 1844 1848 per
1873 1799 1990 1837 deuia
2020 1811 2178 1848 queque
2208 1798 2385 1835 locorum

1279 1863 1457 1912 Diruptis
1489 1863 1651 1901 stabulis
1682 1864 1847 1901 soluitur
1876 1876 1996 1902 omne
2027 1876 2171 1912 pecus:

1279 1929 1338 1965 Ex
1369 1928 1476 1965 omni
1508 1940 1650 1977 genere
1680 1929 1786 1966 venit
1817 1929 1945 1966 incola
1975 1928 2210 1975 rusticitatis,

1279 1994 1409 2031 Maior
1439 2000 1476 2032 et
1502 2001 1559 2032 est
1590 1994 1721 2032 subito
1751 2007 1870 2043 quam
1902 2007 2011 2043 seges
2043 2001 2126 2031 orta
2156 1994 2253 2031 solo.

1279 2057 1397 2095 Nunc
1429 2059 1504 2095 liuc
1534 2071 1641 2096 nunc
1672 2060 1762 2096 illuc
1791 2060 1967 2108 trepidus
1997 2059 2093 2097 dum
2123 2059 2273 2096 lumina
2303 2058 2418 2103 volui,

1280 2124 1523 2173 Aspiciendo
1554 2125 1632 2162 suis
1664 2125 1816 2173 singula
1847 2132 2023 2161 monstra
2054 2125 2162 2171 locis,

1278 2190 1401 2227 Affuit
1432 2201 1480 2227 en
1510 2190 1643 2227 auium
1674 2197 1823 2227 mutata
1852 2190 2071 2227 domestica
2100 2188 2224 2234 turba,

1280 2256 1461 2303 Quorum
1491 2254 1675 2292 ductores
1705 2256 1828 2304 gallus
1860 2263 1896 2293 et
1926 2267 2044 2292 ancer
2073 2261 2194 2292 erant.

1280 2320 1358 2367 Qui
1391 2320 1560 2358 residere
1591 2320 1699 2358 domi
1731 2333 1808 2370 que
1839 2321 1976 2357 fimum
2008 2320 2157 2357 calcare
2188 2319 2380 2366 solebant,

1280 2388 1515 2424 Presumunt
1546 2386 1676 2434 aquile
1707 2399 1861 2424 sumere
1892 2387 1973 2423 iura
2003 2386 2101 2423 sibi:
2578 2401 2641 2431 με

1279 2452 1461 2489 Falconis
1492 2458 1659 2488 rostrum
1690 2452 1817 2500 rapuit
1848 2451 1920 2489 sibi
1952 2452 2075 2500 gallus
2106 2458 2143 2489 et
2174 2463 2331 2500 vngues,

1278 2518 1410 2554 Ancer
1440 2524 1477 2554 et
1508 2528 1555 2553 ex
1583 2516 1653 2554 alis
1685 2516 1812 2554 sidera
1844 2524 1946 2554 tacta
1977 2517 2108 2565 cupit:

1279 2582 1330 2619 Et
1361 2582 1415 2618 sic
1445 2581 1496 2619 de
1527 2580 1649 2619 bassis
1679 2582 1944 2619 succumbunt
1974 2582 2062 2628 alta,
2094 2594 2172 2631 que
2201 2593 2289 2618 cara

1279 2646 1434 2684 Vilibus
1465 2658 1511 2684 ex
1542 2647 1668 2684 causis
1699 2648 1811 2684 exule
1842 2647 1926 2696 lege
1956 2647 2127 2684 cadunt:

1280 2712 1384 2749 Nam
1414 2723 1494 2760 quo
1525 2724 1604 2749 non
1636 2718 1816 2760 poterant
1845 2712 2029 2749 animalia
2060 2712 2177 2761 figere
2206 2724 2371 2761 gressus,

1277 2778 1331 2814 Vt
1363 2776 1502 2825 predas
1533 2776 1701 2825 capiant,
1735 2776 1799 2813 hii
1830 2789 1974 2825 super
2003 2788 2123 2814 omne
2152 2777 2297 2814 volant.

1333 2843 1510 2880 Mutatos
1537 2841 1668 2879 subito
1699 2842 1777 2879 vidi
1808 2843 1954 2880 variare
1984 2843 2134 2880 colores

1279 2908 1443 2945 Anceris
1473 2915 1510 2945 et
1539 2908 1639 2957 galli,
1673 2919 1772 2956 quos
1803 2920 1908 2944 noua
1938 2909 2062 2945 forma
2092 2908 2214 2956 rapit:

1278 2973 1550 3011 Transsormat
1579 2972 1709 3010 corui
1740 2984 1843 3010 noua
1874 2985 2003 3021 penna
2034 2973 2238 3022 nigredine
2266 2973 2423 3022 gallum,

1278 3040 1409 3077 Ancer
1439 3045 1476 3076 et
1507 3038 1546 3075 in
1578 3038 1749 3075 Miluuni
1780 3038 1938 3076 vertitur
1968 3050 2061 3076 ecce
2091 3038 2234 3075 statim.
2575 3055 2639 3086 530

1279 3104 1372 3141 Non
1403 3110 1556 3149 tanturn
1588 3115 1738 3152 pennas
1769 3102 1843 3140 sibi
1874 3111 2035 3140 sumunt
2066 3103 2121 3140 sic
2151 3103 2309 3149 alienas,
2776 3110 2801 3139 ¹.

1279 3170 1409 3206 Immo
1440 3168 1582 3206 modos
1612 3169 1759 3206 similes
1789 3169 2026 3206 condicione
2057 3180 2191 3217 pares:

1279 3235 1392 3282 Quos
1423 3241 1559 3271 natura
1589 3234 1694 3283 prius
1723 3233 1909 3282 pascebat
1939 3233 1989 3271 ad
2020 3234 2157 3271 horrea
2185 3234 2314 3282 granis

1213 3333 1277 3362 502
1305 3322 1375 3354 MS.
1395 3323 1490 3354 Harl.
1507 3324 1589 3364 6291
1610 3323 1676 3363 (H)
1696 3324 1805 3364 begins
1826 3323 1896 3354 ltere

1214 3376 1295 3414 Cap.
1316 3375 1369 3407 vii.
1386 3375 1544 3416 Heading
1589 3386 1608 3406 2
1627 3377 1713 3406 idest
1732 3375 1833 3406 HGD
1933 3385 1953 3415 3
1970 3375 2226 3406 associebantur
2240 3375 2334 3407 SGH
2381 3375 2637 3406 associabantur

1171 3427 1263 3457 CED
1311 3427 1521 3458 associantur
1537 3427 1566 3458 T
