2095 3173
428 220 506 259 114
891 209 1021 251 VOX
1063 210 1422 252 CLAMANTIS

588 316 680 354 Non
710 316 892 365 laqueare
921 316 1028 354 venit
1057 316 1128 354 iter
1156 317 1376 354 humanum
1405 317 1493 366 pius
1523 317 1588 356 ille

536 380 699 427 Cristus,
732 387 790 419 set
820 381 980 430 planam
1010 380 1139 430 dirigit
1169 381 1252 430 ipse
1282 382 1384 419 viam
1401 395 1412 430 3

534 447 620 484 Nos
650 453 783 484 tamen
814 457 860 483 ex
889 446 1009 495 plano
1038 447 1318 496 componimus
1347 459 1498 497 aspera,
1531 448 1674 486 durum

533 511 593 548 Ex
622 511 741 557 molli,
773 522 851 559 que
881 511 1008 549 scelus
1037 523 1108 561 pro
1137 512 1283 561 pietate
1311 513 1463 551 damus.

533 577 615 614 Lex
645 576 792 613 etenim
823 575 939 615 Cristi
970 577 1041 614 fuit
1070 577 1144 615 hec
1174 590 1292 627 quam
1322 579 1452 628 gracia
1480 579 1640 626 mulcet,

533 641 679 678 Nostra
708 646 767 678 set
796 652 844 679 ex
872 641 984 690 penis
1013 642 1076 680 lex
1104 643 1276 691 positiua
1304 643 1411 693 riget.

534 704 620 744 Lex
650 706 768 745 Cristi
797 707 962 756 simplex
991 708 1065 746 sub
1095 708 1230 757 paucis
1259 709 1420 747 condita
1449 709 1577 748 verbis

532 772 749 820 Clauditur,
781 773 886 811 vnde
914 773 1049 823 iugum
1079 786 1201 812 suaue
1229 775 1422 813 ministrat
1450 787 1576 815 onus:

534 835 699 875 Infinita
727 844 860 876 tamen
890 838 985 888 legis
1015 838 1218 877 sentencia
1248 846 1380 878 nostre

533 903 739 952 Aggravat,
772 910 810 941 et
840 903 959 942 finem
989 905 1052 941 vix
1082 903 1202 942 habet
1230 904 1317 954 ipsa
1346 917 1476 943 suum.
1840 911 1903 943 260

534 967 679 1006 Libera
706 969 768 1006 lex
798 969 914 1008 Cristi
945 970 1037 1007 satis
1066 977 1139 1018 est,
1167 970 1208 1008 fit
1237 970 1403 1020 legeque
1432 977 1565 1009 nostra

532 1033 700 1083 Absque
729 1035 838 1073 lucro
869 1035 986 1084 gratis
1014 1036 1143 1085 gracia
1173 1036 1279 1073 nulla
1307 1036 1412 1074 viris.

533 1099 668 1138 Omne
696 1100 739 1138 fit
769 1112 815 1138 ex
844 1113 987 1149 causa3
1026 1102 1082 1139 sic
1111 1108 1170 1140 est
1200 1102 1309 1151 quod
1337 1102 1399 1140 lex
1427 1101 1609 1150 positiua‚

535 1165 669 1213 Quam
698 1166 839 1204 fundat
867 1167 1005 1214 clerus,
1036 1167 1184 1217 grande
1213 1168 1352 1217 figurat
1381 1180 1491 1216 opus.

535 1231 583 1268 In
614 1238 766 1280 quanto
794 1232 974 1270 volucres
1004 1233 1102 1282 petit
1131 1245 1276 1282 auceps
1306 1245 1465 1282 carpere
1493 1232 1634 1282 plures,

532 1296 628 1334 Vult
658 1303 769 1334 tanto
798 1297 960 1346 laqueos
989 1297 1230 1347 amplificare
1259 1311 1351 1336 suos
1377 1313 1384 1337 :

535 1362 585 1399 In
616 1368 768 1411 quanto
797 1362 903 1412 leges
932 1369 1048 1412 auget
1078 1363 1203 1401 clerus
1233 1363 1437 1412 positiuas‚

534 1427 596 1465 Fit
625 1427 749 1477 magis
779 1427 854 1465 hiis
884 1428 1016 1465 stricta
1043 1428 1172 1477 gentis
1201 1428 1242 1465 in
1271 1428 1368 1466 orbe
1398 1428 1482 1466 via:

533 1493 639 1532 Cum
668 1493 790 1542 magis
820 1493 858 1530 in
889 1493 1023 1531 stricto
1051 1494 1262 1543 gradimur,
1293 1494 1415 1531 cicius
1444 1493 1547 1543 pede
1575 1493 1687 1543 lapso

533 1558 762 1605 sternimur,
795 1565 833 1596 et
862 1559 968 1597 clero
999 1558 1301 1608 subpeditamur
1332 1571 1403 1597 eo:
1837 1572 1902 1608 270

534 1623 638 1662 Cum
668 1623 742 1661 sibi
772 1624 860 1673 plus
890 1624 1085 1662 mundum
1114 1630 1247 1663 teneat
1276 1624 1484 1673 clerusque
1514 1623 1735 1670 subactum,

535 1689 641 1726 Turn
671 1689 794 1738 magis
824 1690 991 1727 ecclesia
1018 1696 1144 1739 gestat
1173 1690 1213 1727 in
1242 1689 1339 1728 orbe
1369 1690 1521 1728 lucra:

535 1755 643 1793 Dum
675 1755 798 1804 magis
828 1760 886 1792 est
915 1755 1042 1792 clerus
1071 1755 1199 1802 diues,
1228 1755 1351 1804 magis
1382 1754 1475 1792 inde
1505 1752 1698 1803 superbus

533 1821 660 1866 Astat,
693 1826 732 1858 et
761 1831 808 1857 ex
837 1819 937 1857 velle
967 1819 1034 1857 dat
1064 1832 1134 1857 sua
1163 1820 1246 1857 iura
1275 1820 1370 1858 fore.

534 1884 601 1922 Sol
632 1890 742 1922 notat
772 1885 991 1931 ecclesiam,
1025 1885 1262 1934 Sinagogam
1291 1885 1385 1922 luna
1414 1884 1563 1932 figurat,

535 1949 602 1987 Set
631 1949 754 1987 modo
784 1949 970 1988 custodes
999 1950 1073 1987 ista
1101 1961 1176 1987 nec
1206 1950 1271 1987 illa
1301 1949 1453 1988 ferunt:

535 2015 635 2053 Sunt
664 2015 733 2064 qui
764 2027 838 2053 nec
867 2015 963 2064 legis
993 2015 1133 2053 veteris
1163 2022 1347 2064 precepta
1376 2019 1587 2061 reseruant‚

537 2081 623 2119 Nec
653 2092 731 2129 que
761 2079 913 2119 Cristus
944 2081 999 2118 eis
1029 2080 1184 2118 addidit
1214 2081 1297 2129 ipse
1327 2092 1447 2118 noua.

538 2146 675 2194 Nuper
704 2152 785 2183 erat
815 2146 948 2182 firmus
978 2145 1109 2193 presul
1138 2146 1222 2183 sine
1252 2145 1415 2184 crimine
1445 2151 1616 2193 sanctus,

535 2211 652 2249 Vtilis
682 2211 722 2248 in
752 2210 911 2259 populo,
944 2208 1100 2259 dignior
1128 2216 1221 2248 ante
1250 2210 1400 2258 deum3
1832 2216 1897 2248 280

537 2277 604 2316 Set
633 2275 757 2314 modo
787 2276 817 2314 si
848 2275 1045 2313 mundum
1074 2276 1217 2324 poterit
1246 2275 1511 2323 complectere
1540 2287 1703 2322 vanum,

535 2342 607 2380 Est
636 2340 711 2379 sibi
741 2341 795 2378 nil
824 2340 960 2390 populi
990 2340 1074 2378 laus
1104 2341 1164 2378 vel
1195 2339 1245 2378 ab
1275 2352 1343 2378 ore
1374 2339 1450 2378 dei.

475 2471 552 2506 Hie
603 2470 786 2514 loquitur
836 2470 886 2504 de
939 2469 1113 2513 prelatis
1163 2468 1233 2512 qui
1282 2469 1395 2503 bona
1447 2468 1587 2503 mundi
1645 2468 1895 2513 temporalia

429 2529 695 2574 possidentes
720 2527 958 2572 spiritualia
983 2527 1192 2562 omittunt.

319 2602 447 2649 (Japm.
469 2612 503 2637 v.
594 2600 684 2637 Hec
713 2611 788 2636 vox
816 2598 1003 2647 angelica,
1036 2609 1113 2647 que
1143 2609 1268 2646 nuper
1296 2597 1337 2634 in
1367 2597 1500 2635 ethere
1530 2598 1704 2636 Romam

537 2664 704 2710 Terruit,
736 2676 785 2702 en
816 2670 952 2701 nostro
981 2663 1058 2700 iam
1089 2669 1196 2712 patet
1225 2661 1321 2700 orbe
1351 2675 1471 2700 nouo.

536 2731 736 2778 Tempore
767 2729 954 2775 Siluestri,
986 2727 1082 2766 dum
1113 2727 1398 2766 Constantinus
1427 2728 1559 2766 eidem

538 2794 718 2833 Contulit
747 2794 912 2832 ecclesie
941 2800 1066 2832 terrea
1094 2793 1201 2831 dona
1230 2804 1311 2840 sue,

638 2870 702 2909 258
727 2869 858 2911 iugum]
874 2880 973 2901 suurn
991 2869 1018 2900 C
1151 2878 1214 2908 273
1239 2868 1328 2899 Dum
1346 2867 1370 2900 S
1417 2868 1504 2900 Cum
1520 2868 1683 2900 CEHDL
