2095 3173
480 227 556 266 182

93 1969 181 1998 Nota
210 1967 300 2005 quod
330 1966 461 1997 Genius

49 2013 233 2042 secundum
259 2015 378 2050 poetas
402 2010 461 2041 Sa-

48 2057 169 2085 cerdos
210 2055 282 2084 Dee
315 2054 462 2084 Veneris

51 2104 266 2138 nuncupatus
284 2104 346 2129 est.

946 224 1076 265 vox
1115 198 1476 265 CLAMANT'IS

584 333 795 371 Femineos
826 344 954 370 mores
985 343 1079 380 sepe
1109 342 1272 368 mouere
1301 330 1423 368 vides.

585 399 695 446 Quas
724 398 847 446 magis
877 397 976 434 ordo
1006 402 1117 445 putat
1148 395 1357 445 sapientes,
1390 394 1522 444 sepius
1552 394 1657 443 ipsas

585 463 795 502 Cernimus
825 474 871 499 ex
900 461 1016 498 fatuis
1045 460 1199 499 actibus
1229 473 1315 498 esse
1343 472 1509 510 graues;

585 528 636 565 Et
666 539 744 576 que
773 526 915 575 scripta
945 526 1084 572 sciunt,
1117 526 1240 575 magis
1270 525 1456 563 omnibus
1486 525 1560 563 hee
1589 523 1715 562 laicali

584 593 643 629 Ex
673 592 887 630 indiscreto
916 591 1080 629 crimine
1110 603 1204 640 sepe
1233 590 1393 628 cadunt.

584 657 821 706 Simpliciter
850 663 999 694 textum
1030 656 1126 693 dum
1157 667 1250 704 sepe
1279 656 1425 704 legunt,
1458 666 1589 704 neque
1615 655 1766 704 glosam

583 722 855 768 Concernunt,
886 727 926 759 vt
955 726 1072 770 agant
1101 720 1245 769 scripta
1274 720 1391 758 licere
1419 726 1584 769 putant:

585 787 731 826 Leccio
760 787 949 835 scripture
980 786 1097 824 docet
1126 786 1210 823 illas
1239 791 1382 822 cuncta
1412 785 1590 834 probare,

584 853 660 900 Sic,
692 853 784 902 quia
812 858 957 889 cuncta
985 852 1132 901 legunt,
1164 857 1308 888 cuncta
1337 849 1504 899 probare
1532 851 1680 888 volunt.

585 918 772 957 Crescere
803 924 941 955 nature
971 923 1063 954 sunt
1093 917 1176 953 iura
1206 928 1283 965 que
1313 915 1585 964 multiplicare,

586 985 677 1032 Que
707 984 805 1022 deus
835 984 874 1020 in
905 983 1032 1032 primo
1062 982 1215 1031 scripsit
1244 980 1294 1019 ab
1325 993 1391 1019 ore
1421 994 1516 1028 suo;

586 1050 759 1098 Hecque
788 1049 853 1087 dei
883 1049 1027 1097 scripta
1056 1060 1211 1086 seruare
1239 1047 1387 1094 volunt,
1420 1058 1581 1096 quoque
1610 1046 1694 1084 iura

586 1115 736 1153 Nature
766 1114 879 1152 solita
908 1114 1074 1151 reddere
1102 1119 1236 1151 mente
1265 1113 1340 1162 pia.

640 1180 787 1218 Nititur
816 1180 856 1217 in
885 1180 1050 1218 vetitum
1081 1179 1230 1226 mulier,
1262 1185 1320 1216 set
1350 1178 1459 1227 quod
1488 1178 1579 1215 licet
1609 1177 1695 1226 ipsa

585 1247 679 1284 Hoc
709 1246 794 1283 sine
823 1245 985 1283 mentali
1016 1257 1217 1283 murmure
1246 1256 1332 1282 raro
1361 1244 1478 1292 facit3

585 1312 652 1349 Set
681 1312 805 1360 magis
836 1311 910 1348 hiis
940 1311 1092 1360 scriptis
1122 1310 1295 1360 perfecte
1325 1317 1416 1348 sunt
1445 1309 1649 1356 moniales,

586 1377 638 1415 Et
667 1377 868 1426 pacienter
897 1384 1019 1426 agunt
1050 1389 1128 1426 que
1158 1376 1232 1414 sibi
1265 1376 1409 1425 scripta
1438 1374 1587 1413 iubent.

587 1443 785 1489 Scribitur‚
818 1443 892 1480 hec
920 1455 1041 1491 grana
1072 1454 1150 1491 que
1180 1454 1261 1480 non
1292 1441 1421 1491 capiet
1450 1439 1558 1478 bona
1586 1446 1698 1486 terra,

588 1509 654 1547 Nil
685 1508 758 1546 sibi
789 1508 1038 1554 fructificant,
1070 1515 1128 1545 set
1158 1508 1328 1557 peritura
1358 1507 1510 1545 iacent:

587 1574 678 1622 Que
708 1580 842 1611 tamen
874 1580 912 1611 et
943 1573 1069 1622 qualis
1099 1573 1148 1611 sit
1178 1579 1279 1611 terra
1309 1578 1415 1622 patet
1445 1571 1640 1617 monialis,

588 1640 660 1677 Est
689 1639 743 1677 ibi
773 1652 866 1676 nam
897 1638 1029 1677 decies
1059 1639 1317 1688 multiplicata
1347 1639 1490 1677 Ceres:

588 1705 640 1741 Et
669 1704 762 1753 quia
791 1704 846 1741 sic
876 1710 1031 1742 teneres
1061 1703 1232 1742 subeunt
1262 1704 1420 1752 pondus
1450 1703 1646 1748 mulieres,

588 1769 688 1808 Ocia
717 1769 960 1819 quandoque
989 1769 1040 1807 de
1068 1770 1227 1807 racione
1256 1775 1407 1818 petunt.

588 1835 746 1873 Accidit
775 1835 814 1871 in
846 1834 1012 1872 Veneris
1043 1835 1152 1884 quod
1182 1842 1345 1872 sumunt
1375 1846 1467 1883 ergo
1497 1832 1638 1871 diebus

588 1900 738 1940 Carnes
768 1912 839 1949 pro
869 1900 1063 1938 stomachi
1093 1900 1297 1938 debilitate
1327 1900 1409 1937 sui:

590 1967 695 2004 Nam
725 1967 862 2003 Venus
893 1966 1073 2015 ingenuis
1103 1966 1235 2004 Genio
1264 1964 1478 2003 committit
1506 1964 1705 2013 alumpnis

590 2031 754 2069 Fercula
784 2031 893 2080 quod
923 2031 1096 2080 nimphis
1127 2038 1306 2080 preparet
1336 2031 1419 2080 ipse
1449 2030 1520 2068 sui.

591 2096 658 2134 Set
687 2095 777 2145 gula
807 2108 900 2144 sepe
930 2103 1065 2144 grauat
1096 2096 1346 2144 nimiumque
1372 2096 1520 2144 repleta
1549 2094 1744 2140 tumescit,

592 2162 700 2198 Dum
731 2161 839 2198 dolet
869 2173 1057 2210 oppressa
1086 2161 1136 2198 de
1165 2161 1355 2210 grauitate
1384 2160 1474 2197 cibi.

592 2227 663 2263 Est
693 2226 810 2263 nimis
839 2226 916 2263 offa
946 2226 1084 2274 grauis,
1117 2233 1293 2263 ventrem
1322 2238 1400 2274 que
1431 2226 1554 2262 tincta
1582 2237 1738 2262 veneno

590 2291 767 2338 Toxicat‚
800 2298 838 2329 et
867 2291 1064 2328 dubium
1095 2291 1259 2328 mortis
1290 2291 1419 2328 inesse
1448 2290 1581 2328 dabit:

592 2357 695 2395 Esca
724 2363 782 2394 set
811 2357 968 2394 occulto
998 2368 1076 2405 que
1106 2357 1282 2401 sumitur,
1314 2362 1372 2393 est
1401 2354 1466 2393 vbi
1497 2356 1603 2392 nulla

594 2423 690 2469 Lux,
722 2429 839 2460 nocet
869 2428 907 2460 et
936 2421 1096 2460 morbos
1127 2434 1220 2470 sepe
1249 2422 1317 2459 dat
1346 2433 1431 2459 esse
1460 2433 1608 2470 graues.

1894 2174 1956 2206 590

531 2533 609 2568 Hic
627 2534 808 2577 loquitur
827 2534 1006 2577 qualiter
1020 2533 1221 2568 ordinarii
1236 2544 1288 2568 ex
1300 2544 1376 2568 sua
1391 2534 1657 2576 visitacione,
1670 2544 1752 2578 qua
1763 2534 1956 2569 mulieres

486 2592 688 2636 religione
711 2593 883 2627 ve1atas
906 2603 952 2628 se
972 2592 1115 2627 dicunt
1133 2594 1354 2636 corrigere,
1372 2592 1489 2637 ipsas
1506 2593 1757 2628 multociens
1775 2593 1956 2628 efficiunt

487 2651 727 2686 deteriores.

316 2721 445 2768 (Japffl.
470 2720 559 2757 xiiii.

648 2721 758 2769 Quas
788 2722 926 2759 Venus
956 2728 993 2759 et
1024 2721 1174 2759 Genius
1204 2721 1321 2759 cellas
1351 2722 1473 2759 modo
1502 2722 1573 2759 rite
1602 2721 1834 2771 gubernant,

596 2785 736 2823 Carnis
766 2798 846 2823 non
877 2786 1033 2824 claustri
1064 2787 1145 2823 iura
1174 2792 1308 2824 tenere
1338 2786 1510 2825 docent:

533 2860 595 2898 587
612 2859 788 2901 Marginal
799 2864 870 2891 note
882 2861 943 2891 ins.
959 2861 1045 2892 SCG
1092 2871 1158 2892 om.
1179 2860 1362 2891 EHDLH2
1409 2862 1497 2892 Nota
1510 2862 1601 2901 quod
1620 2861 1750 2893 Genius
1767 2861 1953 2892 secundum

491 2911 650 2942 Ouidium
670 2913 790 2942 dicitur
807 2914 967 2944 sacerdos
985 2913 1131 2944 Veneris
1150 2913 1179 2945 G
1312 2923 1378 2953 593
1402 2913 1446 2944 ibi
1464 2913 1519 2945 SE
