2095 3173
580 241 769 284 LIBER
808 242 1081 285 TERCIUS

207 349 339 389 Plebis
369 356 407 389 et
436 348 476 388 in
507 356 674 388 mortem
704 350 802 388 ferre
831 349 1014 388 iubemus
1044 363 1155 389 eam:

206 414 350 465 Sicque
379 414 488 465 pium
518 414 673 465 signum
702 414 934 454 diuertimus
962 428 986 453 a
1013 414 1170 465 pietate,

207 480 298 528 Que
327 479 400 518 fuit
428 486 467 517 et
492 479 581 527 vita,
613 493 720 517 nunc
749 493 855 518 noua
883 479 1003 529 pestis
1033 479 1115 518 erit.

207 543 273 582 Sic
302 545 424 582 modo
454 551 546 582 sunt
575 544 710 582 mortis
740 558 866 594 nuper
894 544 1033 583 vexilla
1061 543 1208 592 salutis,

207 610 298 657 Que
327 608 415 646 tulit
443 615 481 646 et
510 621 649 658 pacem
679 622 773 646 crux
801 609 924 647 modo
952 609 1057 647 bella
1084 609 1205 659 gerit:

207 672 352 723 Sicque
380 685 538 711 crucem
567 672 720 711 domini
750 672 982 721 baiulamus,
1013 681 1147 713 mente
1176 680 1234 712 set
1262 675 1338 712 vlla

209 739 303 777 Non
333 737 535 788 sequimur
563 737 782 786 dominum,
814 751 893 789 qua
921 738 1009 777 tulit
1037 738 1121 789 ipse
1150 751 1319 778 crucem.

211 804 333 852 Quod
362 802 500 853 nequit
529 804 606 842 hoc
634 803 767 851 virtus,
799 805 1041 855 supplebunt
1068 805 1258 843 ammodo
1288 802 1398 850 vires,

209 869 304 906 Non
334 881 420 906 mos
450 874 509 906 set
538 868 674 907 mortis
703 882 835 919 pugna
863 869 1016 920 parabit
1044 869 1139 908 iter:

209 934 355 972 Nostra
384 932 538 972 sinistra
566 940 664 972 teret
693 934 883 984 quicquid
911 936 1146 974 fundauerat
1174 934 1269 973 olim

213 999 372 1045 Dextra,
404 1011 482 1048 que
511 997 567 1036 sic
596 998 755 1037 humilis
784 1012 865 1038 non
895 999 994 1050 parit
1023 1013 1101 1038 oua
1129 1000 1238 1038 fides.

213 1064 346 1112 Quam
376 1064 618 1114 collegerunt
646 1063 711 1101 alii
740 1063 964 1115 dispergere
991 1077 1162 1103 messem

211 1127 444 1175 Tendimus,
477 1135 515 1167 et
543 1128 673 1167 feritas
703 1136 837 1168 nostra
864 1129 1017 1168 vorabit
1046 1130 1241 1167 humum:

211 1193 340 1232 Vinea
369 1193 424 1232 sic
453 1193 607 1232 domini
634 1201 789 1232 nostros
818 1193 967 1232 inculta
994 1194 1148 1233 labores

213 1259 309 1297 Non
337 1259 467 1306 habet,
500 1265 638 1308 estque
667 1258 789 1309 magis
819 1259 960 1297 bellica
988 1260 1091 1297 facta
1120 1271 1284 1296 manus:

215 1323 279 1363 Sic
308 1323 442 1374 magis,
474 1324 675 1362 extrahere
704 1337 823 1373 quem
852 1325 903 1363 de
932 1324 1078 1374 pietate
1107 1330 1297 1369 tenemur,

214 1387 433 1428 Sternimus
462 1387 503 1426 in
531 1395 695 1439 puteum
725 1390 776 1428 de
805 1388 957 1428 feritate
985 1390 1144 1428 bouem.

272 1455 416 1504 ‘Quod
444 1455 586 1492 tulerat
615 1455 753 1493 Petrus
782 1455 935 1493 lucrum
965 1455 1092 1493 Iudea
1119 1455 1272 1500 fatetur,

215 1521 326 1569 Quas
356 1518 444 1557 tulit
473 1525 512 1558 et
541 1520 686 1558 Paulus
715 1533 810 1570 gens
840 1519 1064 1558 manifestat
1092 1532 1212 1570 opes:

215 1586 302 1624 Nos
331 1597 462 1634 neque
491 1597 582 1623 cum
611 1584 744 1623 vacuis
774 1584 957 1623 manibus
986 1584 1190 1623 veniemus
1220 1582 1261 1621 in
1289 1594 1396 1628 auro,

219 1650 343 1700 Quod
372 1656 506 1688 tamen
535 1656 594 1688 est
621 1651 775 1688 lucrum
805 1649 1004 1700 spirituale
1032 1648 1166 1688 nichil.

217 1716 381 1754 Postera
409 1714 600 1765 quicquid
629 1722 717 1765 agat
746 1722 840 1763 etas,
871 1714 949 1753 iam
979 1716 1088 1753 nulla
1114 1726 1294 1752 veremur

219 1779 408 1826 Crimina,
439 1780 536 1818 dum
566 1781 739 1819 mundus
768 1787 902 1819 noster
929 1779 1080 1818 amicus
1109 1778 1205 1817 erit:

217 1846 273 1883 Vt
302 1844 350 1883 sit
379 1844 487 1883 enim
516 1858 664 1883 nomen
693 1852 878 1883 nostrum
900 1858 1049 1883 nomen
1078 1857 1195 1894 super
1223 1854 1356 1888 omne,

220 1911 293 1948 Est
320 1908 387 1947 vbi
415 1922 522 1948 rarus
551 1910 689 1957 honor,
720 1922 853 1959 pugna
880 1908 1033 1947 iuuabit
1061 1921 1171 1958 opus.

222 1976 330 2013 Ense
359 1973 502 2025 peribit
530 1975 653 2013 homo
682 1974 788 2012 iuxta
816 1975 920 2024 leges
951 1972 1208 2019 Machometi,

221 2039 318 2078 Eius
347 2039 415 2090 qui
444 2052 591 2078 nomen
620 2039 768 2089 spernit
796 2039 947 2077 habere
970 2051 1148 2076 sacrum:

221 2106 308 2144 Nos
337 2104 391 2143 ita
419 2106 622 2144 decretum
651 2103 729 2142 iam
758 2103 944 2154 ponimus
974 2116 1067 2142 ense
1096 2103 1287 2148 volutum,

221 2171 383 2209 Nomen
412 2177 452 2208 vt
481 2169 574 2208 hinc
603 2176 781 2207 nostrum
810 2168 939 2219 presit
958 2168 998 2206 in
1028 2181 1147 2206 omne
1177 2168 1316 2205 solum.

222 2234 378 2274 Cesaris
406 2234 572 2284 imperio
601 2234 669 2284 qui
698 2233 943 2280 contradicit,
972 2232 1123 2272 amicus

225 2300 322 2339 Eius
350 2300 391 2338 in
419 2301 497 2339 hoc
525 2301 678 2338 mundo
707 2313 788 2338 non
817 2306 1018 2349 reputatur
1046 2299 1193 2336 homo:

225 2366 289 2405 Sic
319 2367 452 2412 homo,
484 2364 552 2415 qui
581 2378 730 2403 nomen
759 2371 938 2402 nostrum
967 2376 1049 2402 non
1078 2361 1230 2413 preficit
1259 2362 1393 2407 altum,

227 2430 349 2470 Filius
379 2437 437 2468 est
466 2428 613 2476 mortis,
645 2428 749 2468 ensis
778 2428 819 2466 in
848 2441 915 2467 ore
944 2441 1043 2467 reus.

281 2495 465 2534 ‘Mittere
494 2494 549 2533 sic
577 2493 753 2544 gladium
782 2507 864 2532 non
894 2505 1034 2544 pacem
1063 2490 1244 2530 veni-mus
1273 2488 1370 2536 orbi,

227 2562 279 2599 Et
308 2573 414 2598 noua
442 2558 520 2597 iam
548 2558 714 2597 facimus
743 2557 888 2605 omnia,
920 2558 1094 2606 dampna
1122 2562 1266 2593 tamen.

226 2625 292 2664 Sic
320 2631 439 2674 caput
467 2623 508 2661 in
536 2624 716 2662 membra
743 2622 822 2661 iam
852 2622 963 2669 seuit,
995 2628 1034 2659 et
1061 2626 1246 2671 aggrauat
1274 2618 1373 2666 illos,

228 2691 342 2739 Quos
371 2688 501 2726 minus
529 2688 660 2726 officio
688 2689 837 2726 lederet
865 2686 948 2737 ipse
977 2698 1074 2724 suo:

229 2754 294 2793 Sic
322 2760 432 2804 pater
460 2752 501 2790 in
529 2760 643 2791 natos
671 2766 778 2791 nunc
808 2753 851 2790 fit
880 2750 1003 2801 magis
1031 2750 1116 2800 ipse
1145 2750 1345 2795 Saturnus,

231 2821 345 2868 Quos
375 2831 446 2856 sua
473 2817 636 2856 deberet
664 2818 805 2867 lexque
834 2818 980 2862 fouere,
1012 2821 1152 2853 necat:

231 2883 296 2923 Sic
324 2890 363 2922 et
392 2889 525 2933 pastor
553 2894 660 2930 oues,
692 2895 789 2932 quas
820 2893 982 2932 pascere
1009 2879 1092 2918 iure
1121 2885 1276 2918 tenetur

818 2956 847 2983 K
869 2958 889 2983 2

1484 255 1556 296 131

1504 1268 1570 1303 900

1511 1918 1575 1953 910

1515 2567 1582 2602 9²0
