2095 3173
438 232 519 283 308
907 232 1037 274 VOX
1079 233 1438 274 CLAMANTIS

546 339 705 390 Singula
735 339 881 378 fallacis
911 339 1051 378 mundi
1080 340 1252 378 dulcedo
1282 339 1447 390 subegit,

546 406 631 444 Nos
661 413 794 444 tamen
824 405 1039 444 inmundos
1069 406 1329 444 mundificare
1359 404 1505 456 nequit.

483 541 572 575 Iam
605 542 648 575 in
682 541 764 575 fine
795 540 892 576 libri
920 541 1104 585 loquitur
1136 541 1272 586 magis
1304 541 1349 576 in
1379 540 1555 585 speciali
1583 540 1631 576 de
1661 542 1802 585 patria
1831 542 1906 576 illa

438 600 479 633 in
508 610 589 643 qua
614 603 742 636 natus
767 600 917 642 fuerat,
948 601 1021 635 vbi
1050 601 1171 645 quasi
1204 600 1441 645 plangendo
1477 601 1756 644 conqueritur,
1783 602 1907 645 quali-

437 660 500 692 ter
536 658 718 693 honores
759 661 801 694 et
838 659 1022 694 virtutes
1058 661 1224 695 veteres
1265 670 1291 694 a
1328 659 1464 694 variis
1505 659 1656 694 ibidem
1696 660 1907 694 erroribus

436 718 835 760 superuenientibus,
874 720 924 753 vt
963 718 1124 760 dicitur,
1159 718 1210 753 ad
1246 728 1423 762 presens
1463 718 1753 763 multipliciter
1795 727 1903 754 ener-

437 777 601 810 uantur.

246 854 374 904 Capru.
397 854 510 894 xxiiii.
598 856 757 908 Singula
786 870 864 908 que
893 857 1080 897 dominus
1111 857 1244 896 statuit
1273 857 1347 896 sibi
1377 870 1496 907 regna
1525 871 1594 908 per
1622 857 1771 905 orbem,

547 923 638 972 Que
667 924 790 973 magis
819 923 860 962 in
892 925 1009 964 Cristi
1039 924 1201 963 nomine
1230 925 1340 974 signa
1368 931 1518 974 gerunt,
1621 962 1626 966 ,
1823 939 1907 971 1290

547 988 691 1038 Diligo,
723 996 781 1027 set
809 988 1007 1039 propriam
1038 1002 1155 1039 super
1183 990 1317 1028 omnia
1346 988 1467 1039 diligo
1496 996 1649 1036 terram,

547 1055 595 1092 In
626 1067 704 1104 qua
733 1053 970 1104 principium
1000 1054 1109 1094 duxit
1139 1055 1247 1105 origo
1276 1068 1422 1093 meum.

546 1119 895 1170 Quicquid'agant
923 1120 999 1159 alie
1027 1127 1138 1168 terre,
1169 1134 1251 1159 non
1280 1119 1448 1159 subruor
1476 1118 1580 1168 inde,

547 1186 655 1224 Dum
686 1194 819 1224 tamen
849 1185 933 1235 ipse
962 1186 1054 1224 foris
1083 1185 1179 1225 sisto
1208 1192 1383 1224 remotus
1413 1185 1494 1233 eis,

546 1252 675 1289 Patria
704 1259 762 1289 set
792 1252 979 1290 iuuenem
1009 1264 1087 1301 que
1116 1263 1181 1289 me
1210 1251 1383 1301 suscepit
1412 1252 1658 1301 alumpnum,

545 1317 726 1355 Partibus
756 1316 796 1354 in
827 1318 937 1356 cuius
967 1330 1122 1367 semper
1149 1317 1298 1355 adhero
1328 1329 1505 1364 manens,

547 1384 638 1420 Hec
669 1383 697 1420 si
730 1382 826 1432 quid
856 1384 1011 1432 patitur,
1043 1396 1132 1422 mea
1161 1384 1310 1421 viscera
1339 1383 1651 1432 compaciuntur,

548 1449 634 1487 Nec
664 1448 748 1486 sine
778 1461 841 1486 me
870 1449 1045 1498 dampna
1074 1449 1172 1487 ferre
1199 1447 1346 1486 valebit
1374 1460 1443 1487 ea:

547 1513 643 1552 Eius
675 1514 715 1550 in
744 1513 919 1552 aduersis
949 1514 1000 1552 de
1028 1514 1206 1563 pondere
1235 1527 1322 1552 sum
1352 1512 1465 1563 quasi
1494 1526 1652 1563 versus3

547 1578 587 1618 Si
617 1586 774 1628 perstet,
804 1586 947 1629 persto,
979 1580 1010 1617 si
1040 1579 1155 1617 cadat
1184 1578 1261 1626 illa,
1292 1579 1404 1617 cado.
1822 1594 1906 1625 1300

547 1645 638 1693 Que
668 1645 791 1694 magis
820 1656 912 1694 ergo
940 1651 1104 1694 grauant
1133 1644 1304 1694 presenti
1334 1651 1524 1694 tempore,
1557 1645 1696 1683 saltem

545 1711 598 1746 Vt
628 1708 765 1748 dicunt
793 1708 870 1756 alii,
901 1708 1084 1747 scismata
1112 1710 1257 1759 plango
1287 1708 1418 1747 mich-i.

598 1776 688 1812 Vna
718 1787 809 1813 meo
839 1787 957 1813 sensu
988 1787 1048 1812 res
1078 1782 1147 1822 est,
1180 1787 1258 1824 que
1288 1775 1460 1823 pessima
1488 1775 1642 1813 cunctis

546 1840 634 1878 Iam
665 1839 806 1890 poterit
836 1840 914 1878 dici
944 1840 1032 1878 fons
1063 1847 1100 1878 et
1130 1839 1239 1890 origo
1268 1840 1374 1877 mali.

546 1906 665 1944 Heu!
706 1906 798 1955 quia
826 1904 980 1943 iusticia
1009 1906 1145 1955 procul
1176 1905 1346 1944 abcessit
1375 1904 1551 1956 fugitiua‚

545 1971 674 2010 Cessit
703 1978 741 2009 et
771 1978 829 2009 est
857 1971 951 2009 alibi
981 1984 1056 2021 pax
1084 1972 1232 2010 sociata
1261 1970 1359 2010 sibi:

545 2037 635 2082 Pax,
668 2049 746 2086 que
775 2036 928 2075 iusticie
956 2037 1110 2075 dudum
1139 2037 1239 2075 solet
1268 2036 1404 2074 oscula
1432 2037 1542 2084 ferre,

546 2102 666 2139 Nunc
695 2102 792 2151 fugit
820 2114 843 2139 a
871 2108 982 2149 terra,
1014 2102 1074 2140 ius
1104 2102 1203 2151 perit
1233 2113 1325 2140 ecce
1355 2100 1457 2151 quia.

546 2168 682 2204 Plures
712 2167 790 2204 iam
819 2167 939 2205 nocui
969 2174 1130 2205 sumunt
1160 2166 1234 2205 sibi
1264 2179 1382 2216 regna
1411 2166 1595 2217 magistri,

544 2231 616 2269 Vis
646 2230 755 2269 iubet
784 2238 822 2270 et
851 2232 963 2277 velle,
993 2232 1076 2270 iura
1105 2244 1178 2270 nec
1209 2232 1285 2269 vlla
1315 2233 1445 2271 videt:
1822 2248 1907 2280 1310

544 2297 665 2335 Nunc
693 2295 759 2334 vbi
789 2308 830 2334 se
859 2295 972 2335 vertit
1001 2309 1175 2346 magnas,
1207 2297 1291 2335 sine
1321 2297 1404 2335 iure
1433 2305 1623 2347 sequntur

547 2363 683 2411 Leges,
715 2368 774 2400 set
802 2363 971 2411 populus
1001 2362 1094 2400 inde
1123 2361 1270 2400 subibit
1300 2375 1427 2400 onus:

546 2427 722 2476 Corpore
752 2427 888 2476 sicque
916 2439 1007 2465 meo
1038 2439 1118 2465 non
1148 2433 1302 2464 tanturn
1332 2434 1527 2475 torqueor,
1560 2426 1683 2466 immo

546 2493 645 2531 Sunt
676 2492 797 2530 michi
826 2505 896 2542 pro
926 2492 1092 2530 minimo
1120 2504 1181 2530 res
1211 2491 1355 2542 quibus
1384 2500 1467 2530 vtar
1496 2506 1580 2542 ego.

600 2558 692 2596 Non
724 2566 781 2596 est
811 2558 873 2596 de·
891 2558 1059 2596 modicis
1080 2557 1189 2607 quod
1218 2557 1454 2595 adulterium
1485 2559 1607 2597 modo
1637 2559 1756 2606 ledit;

546 2623 636 2671 Que
666 2635 757 2661 caro
787 2623 967 2672 deposcit
996 2623 1131 2661 omnia
1159 2634 1333 2671 namque
1362 2623 1493 2661 licent.

548 2688 595 2725 In
626 2688 734 2726 terris
764 2689 848 2726 aliis
877 2688 1015 2726 Venus
1045 2695 1083 2726 et
1112 2688 1143 2725 si
1173 2688 1482 2737 predominetur‚

547 2752 770 2790 Exsoluunt
799 2753 947 2791 meritis
977 2753 1053 2791 hoc
1082 2753 1243 2791 aliunde
1273 2753 1376 2801 suis;

548 2817 619 2854 Est
649 2816 702 2855 ibi
733 2830 825 2855 nam
855 2819 982 2867 posita
1011 2819 1083 2865 lex,
1115 2830 1192 2867 que
1221 2819 1445 2856 communis
1475 2819 1528 2858 ad
1557 2831 1696 2858 omnes

550 2881 715 2928 Iudicat,
749 2890 786 2921 et
815 2895 952 2921 causas
982 2883 1164 2921 terminat
1192 2881 1344 2933 absque
1373 2884 1491 2924 dolo:
1822 2899 1906 2930 1320
