2095 3173
558 213 870 255 CAPITULA
909 214 1081 254 LIBRI
1125 215 1351 264 QUINTI
1703 233 1751 272 13

147 320 275 369 Capm.
299 332 331 356 x.
365 319 446 356 Hic
484 319 658 369 loquitur
695 319 853 358 vlterius
887 320 938 358 de
971 321 1136 359 diuersis
1176 322 1280 371 vulgi
1318 321 1530 370 laborariis,
1572 325 1638 373 qui
1678 325 1751 362 sub

362 384 529 421 aliorum
549 384 738 433 regimine
764 385 964 431 conducti,
992 386 1106 424 variis
1134 386 1284 425 debent
1310 400 1381 436 pro
1410 387 1518 426 bono
1546 391 1749 427 communi

362 448 548 498 operibus
569 448 779 498 subiugari.

146 547 275 596 Capm.
299 547 346 584 xi.
380 547 485 595 Quia
505 547 628 584 varias
650 559 778 585 rerum
799 548 1056 597 proprietates
1079 550 1162 587 vsui
1186 550 1362 588 humano
1385 551 1623 589 necessarias
1645 552 1750 589 nulla

362 612 412 650 de
433 624 474 650 se
494 612 697 661 prouincia
718 613 801 649 sola
821 614 983 661 parturit
1005 614 1218 662 vniuersas,
1241 615 1341 654 inter
1359 616 1457 654 alios
1475 617 1613 655 mundi
1635 617 1752 655 coad-

363 677 508 715 iutores
537 677 696 715 Ciuium
728 678 969 716 Mercatores
997 679 1262 727 instituuntur,
1287 693 1355 730 per
1381 694 1481 731 quos
1509 681 1749 731 singularum

363 741 468 780 bona
498 742 701 791 regionum
735 743 957 780 alternatim
991 745 1346 792 communicantur,
1384 747 1434 784 de
1468 759 1637 795 quorum
1673 747 1749 784 iam

362 805 515 844 actibus
536 807 706 845 scribere
733 815 1023 857 consequenter
1052 809 1231 847 intendit.
1293 811 1344 847 Et
1365 811 1492 860 primo
1519 811 1615 849 dicit
1643 811 1752 860 quod

363 872 403 909 in
448 879 587 910 mutuo
631 872 858 910 conciuium
896 886 1031 912 amore
1069 875 1212 924 policia
1259 876 1382 924 magis
1426 876 1584 924 gaudet,
1631 888 1750 925 quam

363 937 541 974 omnium
559 937 750 974 malorum
766 938 874 976 radix
889 939 1060 976 auaricia
1075 939 1125 977 ad
1141 951 1313 988 presenS‚
1331 940 1517 988 prodolor
1534 942 1540 977 1
1563 941 1752 990 extirpare

363 1002 612 1051 presumpsit.

148 1068 277 1116 Capm.
301 1067 362 1104 xii.
397 1067 477 1104 Hic
508 1067 681 1116 loquitur
715 1067 764 1106 de
797 1067 951 1106 duabus
986 1069 1155 1106 auaricie
1190 1067 1356 1115 filiabus,
1389 1070 1538 1108 scilicet
1567 1083 1681 1108 vsura
1715 1078 1753 1109 et

365 1132 511 1178 fraude,
535 1144 612 1181 que
632 1132 672 1169 in
693 1132 852 1170 ciuitate
872 1133 1043 1171 orientes
1065 1133 1117 1170 ad
1137 1132 1285 1170 ciuium
1307 1134 1610 1183 negociaciones
1633 1147 1754 1173 secre-

365 1203 447 1233 tum
487 1203 662 1245 prestant
701 1196 948 1246 obsequium.
1009 1198 1076 1235 Set
1114 1198 1242 1246 primo
1280 1198 1386 1235 dicet
1424 1198 1475 1236 de
1513 1200 1751 1238 condicione

364 1274 486 1308 vsure,
511 1274 589 1310 que
610 1261 713 1299 vrbis
733 1262 1030 1311 potencioribus
1051 1275 1121 1300 sua
1142 1262 1223 1300 iura
1245 1263 1452 1311 specialius
1474 1264 1677 1301 ministrat.

149 1327 278 1377 Capm.
302 1326 377 1364 xiii.
411 1328 627 1375 Postquam
647 1326 744 1364 dixit
765 1327 815 1365 de
835 1327 1021 1376 potencia
1046 1339 1171 1374 vsure,
1194 1327 1272 1364 iam
1293 1327 1344 1365 de
1364 1327 1510 1366 fraudis
1538 1327 1754 1368 subtilitate

364 1391 496 1430 dicere
525 1392 706 1439 intendit,
739 1405 816 1442 que
845 1393 897 1431 de
925 1392 1130 1430 communi
1159 1393 1325 1430 consilio
1356 1393 1466 1442 quasi
1497 1393 1683 1432 omnibus
1714 1401 1751 1432 et

365 1457 527 1506 singulis
549 1457 587 1494 in
609 1458 781 1495 emendo
802 1464 840 1496 et
868 1457 1080 1496 vendendo
1101 1469 1147 1496 ea
1173 1469 1251 1507 que
1271 1464 1363 1495 sunt
1390 1459 1543 1507 agenda
1572 1466 1753 1508 procurat

366 1529 404 1560 et
426 1522 617 1560 subtiliter
637 1522 824 1572 disponit.

150 1588 279 1637 Capm.
302 1587 392 1624 xiiii.
426 1588 508 1625 Hic
528 1587 701 1636 loquitur
721 1588 879 1626 vlterius
899 1587 1105 1637 quomodo
1126 1587 1229 1625 fraus
1246 1587 1398 1637 singula
1413 1588 1576 1626 artificia
1597 1601 1754 1627 necnon

367 1658 405 1691 et
425 1651 530 1690 vrbis
550 1652 733 1690 victualia
753 1653 995 1702 vbicumque
1015 1664 1085 1690 sua
1105 1651 1239 1689 subtili
1260 1652 1510 1701 diposicione
1530 1652 1734 1702 gubernat.

152 1718 280 1767 Capm.
305 1731 362 1755 xv.
395 1718 476 1755 Hic
495 1716 669 1766 quuitur
695 1717 745 1756 de
766 1718 867 1757 Ciue
889 1718 954 1756 illo
982 1717 1170 1754 maliuolo
1190 1723 1228 1754 et
1248 1717 1483 1766 impetuoso,
1506 1718 1572 1766 qui
1595 1718 1758 1755 Maioris

368 1783 627 1821 ministerium
649 1782 723 1820 sibi
740 1784 935 1832 adoptans
957 1783 995 1820 in
1016 1783 1203 1820 conciues
1219 1794 1329 1819 suam
1346 1782 1531 1820 accendit
1547 1783 1754 1828 maliciam,

368 1861 448 1898 quo
475 1851 599 1900 magis
626 1862 766 1888 sanum
794 1848 962 1886 ciuitatis
992 1848 1166 1896 regimen
1194 1859 1264 1884 sua
1291 1847 1587 1896 importunitate
1614 1855 1759 1896 pertur-

368 1913 436 1952 bat
456 1921 495 1953 et
516 1915 718 1964 extinguit.

153 1981 280 2032 Capm.
304 1980 375 2019 xvi.
410 1980 491 2017 Hic
513 1981 686 2029 loquitur
702 1979 826 2017 eciam
844 1978 894 2016 de
910 1977 998 2015 ciue
1019 1977 1096 2023 illo,
1116 1976 1182 2026 qui
1199 1975 1402 2025 linguosus
1423 1981 1461 2013 et
1478 1976 1643 2013 Susurro
1660 1976 1760 2014 inter

370 2045 558 2083 conciues
586 2045 799 2083 seminator
829 2043 1115 2081 discordiarum
1145 2041 1283 2079 existit.
1345 2040 1538 2090 Loquitur
1567 2041 1618 2079 de
1645 2041 1758 2079 variis

370 2111 496 2150 eciam
517 2110 699 2160 periculis
720 2108 930 2147 occasione
951 2108 1056 2145 male
1077 2107 1209 2156 lingue
1231 2105 1567 2155 contingentibus.

548 2206 808 2256 Expliciunt
836 2205 1044 2254 Capitula
1072 2205 1176 2242 libri
1205 2203 1363 2251 quinti.

582 2402 807 2451 Incipiunt
835 2400 1043 2448 capitula
1069 2399 1172 2437 libri
1198 2398 1345 2436 Sexti.

158 2503 288 2553 Capm.
311 2504 335 2542 i.
367 2503 510 2552 Exquo
539 2502 590 2541 de
619 2514 748 2541 errore
777 2501 817 2538 in
847 2499 1009 2549 singulis
1043 2499 1320 2548 temporalium
1354 2496 1540 2546 gradibus
1570 2496 1761 2535 existente

374 2574 584 2606 tractatum
629 2573 698 2614 est,
740 2567 818 2604 iam
857 2565 950 2614 quia
996 2575 1321 2612 vnumquemque
1360 2561 1434 2600 sub
1469 2562 1564 2611 legis
1610 2561 1762 2599 iusticia

374 2633 582 2682 gubernari
612 2638 777 2681 oportet,
805 2637 971 2668 tractare
1000 2629 1158 2667 vlterius
1187 2627 1359 2665 intendit
1388 2627 1440 2665 de
1469 2627 1543 2664 illis
1574 2627 1641 2676 qui
1670 2627 1762 2664 iuris

375 2697 542 2735 ministri
575 2697 772 2742 dicuntur,
808 2696 991 2745 quamuis
1026 2702 1158 2732 tamen
1192 2693 1265 2742 ipsi
1295 2705 1457 2730 omnem
1487 2692 1567 2730 suis
1600 2691 1763 2730 cautelis

377 2763 571 2801 iusticiam
601 2762 863 2809 confundunt,
895 2768 934 2799 et
964 2766 1122 2810 propter
1150 2758 1290 2796 mundi
1320 2757 1473 2796 lucrum
1498 2757 1765 2807 multipliciter

696 2869 797 2909 After
811 2869 895 2910 Cap.
913 2880 935 2900 x
952 2879 994 2900 no
1009 2873 1101 2909 space
1117 2866 1241 2898 CEGD
