2095 3173
466 256 541 295 154
931 242 1061 284 VOX
1103 242 1464 283 CLAMANTIS

571 349 680 389 Sicut
709 349 858 388 habent
887 349 963 396 alii,
995 362 1077 387 non
1108 348 1287 387 retinebo
1316 348 1488 387 michi?'

569 417 814 466 Argumenta
843 414 902 452 sui
933 414 987 452 sic
1017 413 1190 452 criminis
1220 413 1304 464 ipse
1333 414 1498 464 refingit,

571 480 690 519 Liber
720 488 758 518 et
787 487 846 518 est
875 479 988 527 vicio,
1020 479 1127 527 dicit,
1159 487 1199 518 vt
1228 481 1324 518 alter
1353 481 1487 518 homo.

571 548 661 584 Hec
691 553 835 592 tamen,
868 552 908 583 vt
937 546 1068 593 credo,
1100 544 1211 596 fingit
1240 545 1434 583 contraria
1462 558 1565 592 vero,

570 613 675 649 Nam
706 610 829 661 magis
856 618 915 649 est
945 618 1103 649 sanctus
1134 610 1320 649 omnibus
1350 610 1414 649 ille
1444 618 1578 649 status.

570 679 630 714 Ex
659 675 876 726 improuiso
906 676 1008 715 sumi
1036 676 1181 727 reliqus
1210 678 1313 715 valet
1343 678 1452 724 ordo,

570 743 664 791 Quo
694 741 823 780 minor
852 749 910 780 est
940 743 1067 792 culpa,
1099 741 1131 780 si
1160 743 1276 781 cadat
1306 741 1399 781 inde
1428 756 1517 790 rea3

568 807 729 845 Assumi
759 807 890 846 subito
919 815 978 845 set
1006 807 1211 857 presbiteri
1240 821 1348 846 sacer
1377 809 1476 846 ordo

569 874 664 911 Non
692 874 806 920 valet,
837 872 961 911 immo
991 886 1080 910 suas
1110 880 1261 923 spectat
1290 873 1435 911 habere
1464 872 1580 911 vices.
1851 886 1935 920 1740

569 939 675 977 Nam
710 952 779 989 per
808 938 985 988 quinque
1013 939 1156 989 gradus
1186 938 1340 977 scandit
1369 937 1486 989 prius,
1519 945 1657 988 estque
1686 937 1886 988 probatuS,

569 1004 761 1053 Quolibet
790 1006 895 1043 vnde
925 1018 1041 1042 suum
1070 1003 1251 1054 preuidet
1280 1003 1364 1054 ipse
1394 1011 1564 1041 statum:

568 1069 710 1109 Omnis
740 1077 779 1108 et
807 1069 901 1108 inde
929 1071 1073 1120 gradus
1101 1083 1125 1107 a
1153 1070 1309 1119 presule
1337 1068 1603 1107 sanctificatus

570 1137 641 1173 Est
669 1143 708 1174 et
737 1148 819 1173 non
847 1134 936 1182 alio,
968 1135 1146 1173 sanccior
1174 1142 1214 1173 vt
1243 1134 1292 1173 sit
1321 1148 1379 1173 eo.

568 1202 643 1239 Per
671 1208 790 1251 caput
817 1208 937 1251 atque
966 1214 1107 1239 manus
1137 1207 1195 1239 est
1224 1200 1405 1239 crismate
1434 1199 1626 1250 presbiter
1653 1207 1805 1247 vnctus,

568 1267 622 1304 Vt
652 1265 700 1305 sit
730 1266 783 1304 ob
812 1268 890 1305 hoc
918 1266 1002 1305 aliis
1033 1266 1175 1317 dignus
1205 1266 1246 1304 in
1275 1266 1371 1305 orbe
1401 1266 1524 1316 magis
1539 1281 1549 1314 3

568 1331 862 1383 Accipiensque
890 1332 1026 1383 iugum
1055 1340 1192 1370 votum
1222 1339 1341 1371 vouet
1369 1333 1560 1371 ammodo
1589 1339 1753 1379 castum,

570 1398 664 1446 Quo
693 1397 810 1435 faciat
840 1399 991 1436 munda
1019 1396 1207 1436 mundior
1234 1405 1322 1435 acta
1352 1410 1446 1435 sua:

570 1463 622 1499 Et
651 1461 744 1512 quia
772 1462 928 1512 preuisa
957 1462 1013 1500 sic
1042 1469 1134 1500 vota
1163 1461 1266 1509 facit,
1298 1469 1395 1512 puto
1425 1463 1551 1511 culpa,

570 1529 679 1565 Dum
709 1527 801 1566 facit
830 1535 1001 1575 econtra,
1033 1529 1106 1566 fert
1134 1527 1313 1578 grauiora
1343 1529 1469 1565 mala:
1850 1540 1935 1575 1750

569 1592 651 1641 Qui
680 1594 791 1632 daret
817 1594 1042 1643 exemplum
1071 1592 1222 1631 virtutis
1253 1600 1291 1630 et
1321 1600 1379 1631 est
1408 1591 1588 1639 viciosus‚

570 1659 683 1696 Errat
711 1660 799 1708 plus
829 1660 951 1697 ducto
981 1660 1122 1697 ductor
1151 1657 1191 1695 in
1221 1671 1287 1696 ore
1317 1671 1418 1696 meo.

571 1723 662 1762 Hiis
692 1723 987 1774 circumspectis
1017 1722 1139 1761 michi
1168 1722 1223 1761 sic
1252 1736 1323 1773 per
1351 1723 1503 1773 singula
1532 1723 1672 1770 causis,

570 1789 725 1827 Estimo
754 1789 992 1840 presbiteros
1022 1796 1060 1827 te
1089 1788 1213 1839 magis
1243 1802 1328 1827 esse
1358 1802 1455 1827 reos.

623 1856 674 1893 Se
702 1854 793 1893 licet
821 1861 981 1893 excuset
1009 1855 1161 1905 fingens
1190 1853 1265 1892 sibi
1292 1854 1412 1892 verba
1440 1855 1635 1902 sacerdos,

570 1921 691 1958 Nulla
720 1934 790 1959 sue
819 1920 963 1959 mentis
993 1919 1178 1959 interiora
1206 1919 1315 1958 iuuat
1330 1934 1341 1968 3

571 1987 775 2024 Inmemor
803 1985 927 2024 immo
957 1985 1055 2024 sacri
1085 1999 1205 2036 quem
1235 1992 1393 2036 ceperat
1422 1985 1581 2033 ordinis,
1614 1987 1713 2024 vltro

570 2052 765 2090 Scandala
795 2051 851 2090 sic
880 2050 973 2090 facti
1002 2050 1130 2101 querit
1158 2050 1199 2088 in
1228 2051 1324 2089 orbe
1354 2050 1424 2089 sui.

570 2117 665 2155 Non
694 2124 791 2167 puto
820 2116 1037 2167 presbitero
1067 2124 1241 2154 sutorem
1271 2117 1380 2166 quod
1409 2124 1532 2155 status
1562 2116 1656 2164 vnit,

572 2182 705 2231 Culpa·
730 2195 804 2220 nec
833 2181 874 2219 in
904 2181 1021 2220 simili
1050 2183 1162 2219 lance
1192 2188 1362 2231 coequat
1391 2194 1482 2220 eos:
1853 2188 1937 2230 1760

571 2246 768 2285 Presbiter
796 2253 835 2285 et
864 2245 986 2284 laicus
1016 2259 1098 2284 non
1127 2253 1219 2284 sunt
1249 2246 1452 2284 Bercarius
1482 2260 1616 2294 vnum,

571 2313 658 2350 Nec
688 2313 815 2350 scelus
844 2311 884 2350 in
914 2311 1030 2350 simili
1059 2310 1296 2349 condicione
1325 2318 1471 2361 grauat.

573 2378 738 2417 Castum
768 2390 810 2416 se
838 2376 948 2415 vouit
977 2376 1052 2415 sibi
1081 2389 1173 2414 cum
1202 2376 1275 2414 fuit
1303 2384 1421 2414 vncta
1449 2389 1607 2423 corona,

571 2441 779 2493 Stringitur
807 2450 845 2481 et
873 2449 967 2480 voto
996 2441 1175 2492 quisque
1205 2441 1331 2480 fidelis
1360 2442 1493 2480 homo.

572 2509 666 2546 Non
695 2509 795 2546 foret
823 2507 888 2545 hic
917 2507 1015 2545 tanti
1044 2508 1227 2545 mercede
1255 2508 1407 2544 locatus
1436 2506 1609 2554 honoris,

571 2572 629 2611 Sit
658 2572 733 2611 nisi
762 2574 872 2623 quod
902 2572 1028 2610 maius
1057 2572 1151 2611 inde
1180 2571 1327 2609 subiret
1357 2585 1482 2609 onus:

572 2639 678 2676 Nam
707 2637 845 2688 nequit
874 2639 951 2676 hoc
980 2639 1108 2676 facere
1136 2651 1202 2675 rex
1231 2644 1289 2675 est
1318 2636 1386 2686 qui
1416 2636 1540 2675 maior
1568 2636 1608 2674 in
1638 2638 1744 2685 orbe,

573 2704 694 2751 Quod
725 2703 853 2741 minor
882 2703 922 2741 in
952 2703 1082 2743 Cristo
1110 2702 1301 2753 presbiter
1330 2702 1413 2752 ipse
1442 2710 1596 2752 potest:

573 2768 647 2816 Sic,
679 2768 772 2818 quia
801 2770 852 2807 de
880 2768 963 2807 iure
991 2768 1149 2819 reliquis
1178 2769 1368 2818 prefertur
1396 2769 1559 2815 honore,

510 2865 592 2894 1747
617 2859 722 2886 vouet
746 2855 907 2887 CEHGT
962 2856 1059 2888 vouit
1083 2854 1225 2888 SDLH2
1361 2856 1447 2894 1760
1472 2865 1530 2886 nec
1553 2855 1589 2885 in
1613 2854 1714 2886 simili
1738 2854 1934 2886 conditione

465 2912 585 2946 grauat
603 2907 682 2948 (om.
699 2907 734 2939 ll.
755 2908 833 2947 1761
850 2907 885 2950 f.)
905 2908 932 2940 C
