2095 3173
683 215 870 256 LIBER
908 216 1182 258 TERqus
1589 234 1663 271 149

247 329 474 373 Postquam
499 329 653 365 dictum
679 332 746 365 est
771 330 821 365 de
848 340 989 366 errore
1014 331 1177 366 illorum
1204 331 1273 375 qui
1290 331 1333 365 in
1351 332 1529 367 ecclesia
1547 334 1664 368 bene-

201 387 331 421 ficiati
346 387 547 428 existunt,
558 388 641 422 iam
661 388 876 423 dicendum
893 391 960 424 est
972 389 1021 423 de
1034 389 1276 433 presbiteris
1287 390 1595 434 stipendiariis;
1614 391 1664 425 de

202 446 359 480 talibus
370 446 533 488 saltem,
546 447 615 490 qui
625 456 710 481 non
718 449 889 492 propter
899 447 1149 482 mundiciam
1164 450 1206 483 et
1215 448 1373 483 ordinis
1384 448 1663 491 honestatem,

202 505 267 539 set
300 505 467 548 propter
503 505 646 538 mundi
682 504 788 547 ocia,
826 505 1000 549 gradum
1039 507 1342 550 presbiteratus
1381 508 1582 551 appetunt
1623 508 1664 541 et

202 564 433 598 assumunt.

68 646 195 694 Capm.
219 658 277 682 xx.

363 643 404 682 Si
433 645 483 683 de
511 643 734 694 presbiteris
763 644 893 683 dicam
923 644 991 694 qui
1020 652 1111 683 sunt
1139 645 1223 685 sine
1252 646 1369 695 curis,

309 712 399 748 Hos
428 709 536 748 viciis
565 709 649 748 aliis
678 710 875 749 cernimus
904 724 989 749 esse
1018 725 1140 761 pares.

309 774 349 813 Si
378 781 510 813 tamen
540 774 747 813 ecclesiam
777 788 858 813 non
888 775 1040 825 optinet
1070 775 1141 815 iste
1171 777 1365 824 sacerdos,

308 841 454 877 Annua
483 838 645 877 servicia
673 847 764 877 sunt
793 841 898 878 velut
928 839 1119 878 ecclesia:

309 906 401 943 Plus
431 918 551 954 quam
580 912 657 943 tres
686 906 839 943 dudum
868 918 974 943 nunc
1004 904 1120 955 exigit
1148 919 1248 944 vnus
1276 906 1517 953 habendum,

308 968 471 1008 Strictus
499 968 670 1007 auaricia
697 970 785 1019 plus
814 969 922 1019 cupit
950 969 1034 1020 ipse
1063 969 1166 1019 quia.
1582 976 1664 1017 1560

309 1035 399 1072 Hos
428 1035 534 1072 velut
563 1033 730 1072 artifices
759 1047 878 1072 cerno
907 1034 1083 1084 peditare
1112 1048 1181 1085 per
1208 1035 1333 1082 vrbes,

309 1100 542 1138 Conductos
571 1098 704 1148 precio
733 1098 833 1137 sicut
861 1100 981 1137 asella
1009 1100 1104 1137 foro.

310 1163 463 1214 Dignus
493 1165 675 1202 mercede
705 1170 837 1201 tamen
866 1170 925 1201 est
955 1163 1153 1214 operarius
1182 1163 1323 1211 omnis,

311 1231 425 1267 quta
453 1228 696 1279 condignum
726 1229 835 1278 quod
864 1228 975 1266 labor
1003 1228 1067 1266 ille
1097 1228 1220 1279 petit:

309 1295 376 1333 Set
405 1302 537 1332 tamen
566 1301 606 1332 vt
634 1295 779 1332 vendat
807 1292 904 1331 nulli
932 1293 1069 1332 diuina
1096 1293 1241 1340 licebit,

308 1359 373 1398 Sic
402 1358 544 1409 poterit
572 1357 691 1396 vendi
720 1357 839 1396 missa
867 1371 940 1396 nec
970 1359 1046 1396 vlla
1075 1357 1156 1396 tibi.

308 1423 518 1463 Credimus
547 1430 587 1461 vt
616 1430 751 1460 sancta
781 1422 932 1461 Cristus
961 1430 1133 1461 sacratus
1163 1421 1203 1460 in
1232 1435 1298 1460 ara

308 1489 402 1527 Non
431 1490 518 1539 plus
548 1490 630 1527 vult
659 1487 778 1527 vendi
807 1487 990 1526 venditus
1020 1487 1104 1538 ipse
1133 1489 1267 1526 semel.

307 1554 358 1591 Se
387 1552 471 1591 sine
500 1554 567 1592 dat
596 1552 738 1603 precio,
771 1553 864 1591 dare
894 1552 961 1602 qui
990 1552 1101 1591 iussit
1130 1565 1240 1590 sacra
1266 1551 1407 1602 gratis:

308 1616 514 1665 Presbiter,
545 1631 637 1667 ergo
665 1616 738 1656 tibi
766 1616 863 1667 quid
892 1616 992 1667 petis
1021 1616 1114 1656 inde
1143 1616 1272 1655 lucri?
1586 1632 1665 1666 570

309 1682 412 1721 Cum
442 1681 513 1720 tibi
542 1681 716 1729 vestitus,
747 1689 862 1732 aptus
891 1681 1006 1720 fuerit
1035 1694 1196 1731 quoque
1225 1681 1361 1729 victus,

306 1748 426 1785 Vnde
454 1748 532 1786 deo
560 1746 681 1794 viuas,
713 1760 781 1785 cur
810 1746 882 1785 tibi
910 1749 1021 1797 plura
1049 1747 1179 1797 petis?

307 1811 348 1850 Si
377 1811 448 1850 tibi
477 1814 565 1862 plus
595 1819 772 1862 superest
800 1813 851 1850 de
880 1813 1000 1859 lucro,
1031 1811 1085 1849 nil
1115 1812 1186 1850 tibi
1216 1813 1387 1862 prodest,

308 1879 413 1915 Nam
443 1879 545 1915 male
575 1876 772 1927 quesitum
802 1877 927 1915 nescit
956 1878 1102 1915 habere
1122 1878 1300 1915 modum.

308 1944 389 1980 Aut
419 1943 591 1981 Romam
620 1955 757 1992 perges
787 1949 1003 1980 mercatum
1032 1941 1204 1980 Simonis
1231 1955 1339 1989 auro,

308 2007 389 2057 Qui
418 2015 456 2046 te
485 2014 711 2057 promotum
740 2008 889 2054 reddet,
921 2014 960 2045 et
988 2007 1081 2045 inde
1109 2012 1222 2045 tuum'

308 2074 527 2122 Argentum
557 2073 668 2110 tollet
696 2073 906 2110 collectum
937 2085 1006 2122 per
1035 2071 1152 2122 prius,
1184 2078 1223 2110 et
1252 2071 1308 2110 sic

310 2138 431 2186 Quod
460 2136 531 2176 tibi
560 2136 679 2175 missa
708 2136 818 2175 dedit
847 2136 985 2175 Simon
1014 2137 1160 2175 habere
1189 2136 1287 2187 petit
1302 2151 1313 2184 3

307 2203 388 2240 Aut
417 2201 597 2240 meretrix
625 2202 795 2249 bursam,
827 2208 865 2240 te
894 2201 1123 2249 luxuriante,
1154 2203 1344 2252 repletam

308 2267 463 2316 Sugget‚
495 2273 534 2304 et
562 2265 603 2304 in
633 2279 799 2305 vacuam
829 2279 948 2316 quam
978 2266 1057 2304 cito
1086 2267 1226 2305 reddet
1254 2279 1353 2304 eam.
1584 2275 1667 2312 1580

363 2333 485 2381 Quod
514 2331 624 2371 dedit
652 2331 819 2371 ecclesia
847 2331 948 2370 tollit
977 2331 1157 2370 meretrix
1186 2345 1263 2381 que
1293 2331 1479 2369 taberna:

310 2396 401 2434 Hec
429 2395 501 2434 tria
528 2397 625 2435 dum
654 2396 832 2446 iungunt,
863 2396 990 2447 turpia
1018 2398 1129 2447 plura
1156 2403 1306 2446 gerunt.

311 2462 402 2499 Hec
431 2460 484 2499 ita
512 2474 603 2500 cum
632 2461 804 2510 videam,
832 2461 972 2500 mundi
1000 2474 1106 2500 noua
1135 2468 1310 2499 monstra
1338 2467 1528 2511 putarem,

310 2524 350 2563 Si
379 2526 478 2564 foret
506 2527 583 2564 hoc
611 2539 697 2565 raro
726 2527 836 2576 quod
866 2528 1114 2577 speculamur
1142 2538 1218 2574 eo3

310 2591 378 2628 Set
406 2589 499 2640 quia
526 2590 671 2630 cotidie
700 2599 838 2642 potero
867 2591 1044 2642 predicta
1071 2590 1214 2638 videre,

311 2656 413 2706 Sepe
442 2655 562 2694 michi
590 2656 672 2695 visa
701 2656 756 2695 nil
785 2658 907 2696 modo
937 2656 1055 2695 miror
1083 2669 1139 2694 ea.

312 2721 515 2770 Mergulus
544 2720 725 2771 inmergit
753 2721 876 2760 fluuio
905 2735 976 2760 sua
1004 2721 1182 2759 membra
1210 2721 1444 2770 frequenter,

313 2787 364 2824 Et
393 2787 528 2836 longas
557 2785 679 2836 gignit
707 2786 748 2824 in
777 2787 969 2825 latitando
998 2800 1127 2825 moras
1142 2801 1151 2835 3

520 2871 680 2913 Heading
702 2882 715 2902 1
743 2873 934 2912 Qostquam
953 2873 977 2904 S
1109 2882 1128 2902 2
1154 2872 1218 2903 iam
1235 2882 1300 2904 om.
1318 2872 1342 2903 S
