2095 3173
495 235 575 272 214

963 221 1094 262 VOX
1136 221 1495 263 CLAMANTIS

541 343 619 379 Hic
652 345 836 389 loquitur
870 344 1049 388 qualiter
1081 343 1238 378 milicia
1271 344 1377 379 bene
1408 345 1617 388 disposita
1647 345 1840 382 omnibus
1869 347 1965 381 aliis

495 403 695 447 gradibus
728 404 1050 448 quibuscumque
1084 413 1303 438 commune
1337 404 1582 440 securitatis
1615 406 1781 449 prestat
1819 406 1969 441 emolu-

494 464 689 497 mentum.

358 545 486 592 Capm.
510 543 572 581 vii.

661 543 698 582 O
728 555 848 592 quam
877 543 1023 581 milicia
1051 550 1152 581 terra
1180 544 1360 582 consistit
1390 544 1430 581 in
1460 545 1533 582 ista

603 608 756 656 Audax,
788 609 971 658 preclara,
1004 609 1036 647 si
1065 608 1169 647 bene
1198 610 1305 647 viuat
1334 612 1404 648 ea!
1901 625 1967 659 470

604 675 643 712 Si
674 687 755 712 non
784 686 855 723 pro
886 674 1025 712 mundi
1056 675 1166 713 lucro
1195 687 1327 724 neque
1356 676 1474 714 laude
1502 674 1666 723 laboret,

604 740 831 778 Indomitus
861 752 936 778 nec
964 753 1076 778 amor
1105 741 1229 779 ferrea
1258 741 1378 779 corda
1408 741 1556 788 domet,

605 806 723 844 Miles
753 812 943 855 perpetue
972 806 1100 844 laudis
1130 813 1225 843 tunc
1254 807 1386 844 vincet
1416 807 1579 854 honore,

604 871 765 909 Nomen
795 877 833 909 et
863 878 1044 909 eternum
1072 871 1299 909 nobilitabit
1329 884 1433 909 eum.

656 937 696 974 Si
727 935 832 974 bona
862 936 1007 974 milicia
1036 936 1161 984 fuerit,
1193 937 1291 975 deus
1320 943 1422 975 astat
1450 937 1490 974 in
1520 937 1596 984 illa,

602 1003 746 1040 Vincat
776 1009 815 1040 vt
845 1002 992 1040 invicto
1022 1003 1134 1040 miles
1164 1003 1204 1039 in
1234 1014 1329 1040 ense
1359 1014 1454 1040 suo:

604 1069 645 1107 Si
675 1068 781 1107 bona
810 1068 956 1106 milicia
986 1068 1113 1114 fuerit,
1144 1068 1275 1117 vigilat
1304 1067 1411 1106 bona
1439 1067 1555 1115 fama,

605 1135 697 1183 Que
726 1135 826 1172 iacet
855 1134 895 1171 in
925 1134 1027 1172 lecto
1055 1134 1159 1171 victa
1187 1146 1330 1183 sopore
1358 1134 1508 1172 modo:

604 1199 644 1237 Si
673 1198 783 1238 bona
812 1199 960 1237 milicia
989 1199 1115 1247 fuerit,
1147 1206 1232 1237 tum
1262 1211 1360 1248 pace
1391 1199 1524 1237 reviua

603 1266 781 1315 Sponsus
811 1277 902 1303 cum
933 1277 1079 1314 sponsa
1107 1271 1288 1314 preparat
1317 1271 1404 1302 acta
1434 1277 1530 1303 sua:
1905 1272 1970 1311 480

604 1331 645 1369 Si
675 1330 781 1369 bona
811 1331 956 1368 milicia
984 1330 1109 1378 fuerit,
1143 1337 1237 1368 tunc
1266 1330 1390 1368 hostis
1419 1329 1470 1367 ab
1499 1330 1564 1368 illa

604 1396 798 1434 Sternitur
827 1396 1004 1443 ecclesie,
1035 1396 1174 1434 crescit
1203 1402 1243 1434 et
1272 1396 1357 1445 ipsa
1386 1395 1490 1435 fide:

607 1461 646 1499 Si
676 1461 783 1499 bona
812 1462 958 1498 milicia
986 1461 1112 1507 fuerit,
1142 1461 1295 1499 taxacio
1324 1461 1423 1498 dura

606 1527 698 1575 Que
728 1533 842 1564 sonat
872 1527 911 1563 in
941 1527 1065 1576 patria
1094 1533 1189 1564 tunc
1218 1527 1290 1564 erit
1319 1525 1471 1575 absque
1501 1532 1622 1566 nota:

605 1593 645 1630 Si
675 1591 783 1630 bona
812 1592 966 1639 milicia,
998 1599 1094 1629 tunc
1123 1604 1204 1629 non
1234 1591 1404 1630 tardabit
1433 1592 1574 1630 adesse

606 1658 698 1704 Pax,
729 1670 821 1694 cum
851 1669 929 1706 qua
958 1657 1126 1695 redeunt
1154 1669 1341 1706 prospera
1370 1663 1513 1694 cuncta
1542 1657 1669 1695 simul.

662 1723 742 1771 Qui
770 1721 902 1761 bonus
931 1728 990 1761 est
1019 1723 1131 1761 miles
1161 1722 1298 1772 nequit
1327 1734 1506 1760 exercere
1535 1734 1737 1771 pauorem,

606 1788 694 1826 Nec
723 1788 856 1837 tepide
885 1788 1030 1826 mentis
1059 1788 1197 1825 intima
1226 1788 1306 1826 lesa
1334 1794 1463 1837 gerat:

607 1853 688 1902 Qui
717 1853 847 1892 bonus
877 1860 936 1891 est
966 1853 1078 1891 miles
1108 1853 1248 1891 mundi
1277 1853 1366 1891 terit
1395 1865 1515 1891 omne
1544 1851 1771 1902 superbum,

610 1919 744 1957 Vincit
774 1925 812 1957 et
842 1931 889 1956 ex
918 1919 1057 1956 humili
1086 1918 1207 1956 corde
1237 1919 1408 1967 maligna
1437 1918 1566 1956 ferus:
1906 1935 1972 1967 490

609 1985 690 2033 Qui
720 1984 850 2023 bonus
880 1990 939 2023 est
968 1985 1081 2023 miles
1110 1996 1181 2034 pro
1212 1982 1332 2023 Cristi
1362 1984 1525 2022 nomine
1554 1989 1687 2030 certat,

609 2050 660 2087 Et
690 2062 773 2087 rem
802 2062 1059 2088 communem
1090 2050 1259 2099 protegit
1289 2050 1373 2099 ipse
1402 2062 1550 2089 manu:

609 2115 690 2163 Qui
719 2115 849 2153 bonus
879 2121 938 2152 est
966 2115 1078 2153 miles
1109 2115 1251 2164 probat
1281 2122 1319 2153 et
1349 2115 1452 2153 bene
1481 2115 1554 2153 scit
1583 2115 1694 2164 quod
1724 2115 1763 2152 in
1794 2114 1890 2153 orbe

608 2181 672 2218 De
701 2179 794 2218 belli
824 2180 903 2218 fine
932 2181 1040 2229 pacis
1071 2181 1180 2230 origo
1210 2181 1342 2228 venit;

608 2245 717 2283 Talis
746 2245 853 2283 enim
882 2246 994 2283 miles
1024 2245 1075 2283 de
1104 2258 1194 2284 vera
1223 2245 1340 2283 laude
1369 2252 1540 2284 meretur

612 2310 816 2360 Quicquid
845 2311 885 2348 in
916 2311 992 2349 hoc
1023 2311 1175 2349 mundo
1205 2311 1336 2360 regula
1365 2311 1492 2349 laudis
1522 2310 1652 2349 habet.

547 2453 625 2488 Hie
654 2453 837 2497 loquitur
870 2453 1049 2497 qualiter
1081 2453 1231 2488 milicie
1263 2453 1512 2497 improbitas
1538 2454 1648 2489 alios
1673 2453 1829 2498 gradus
1855 2464 1970 2498 quos-

502 2522 674 2556 cumque
699 2522 778 2547 sua
802 2512 904 2547 ledit
929 2512 1248 2556 importunitate
1273 2514 1315 2546 et
1341 2511 1526 2547 offendit.

351 2596 476 2642 (japffl.
501 2594 575 2631 viii.

667 2593 707 2631 Si
736 2599 869 2632 tamen
899 2600 1059 2631 econtra
1087 2592 1199 2631 miles
1228 2605 1297 2630 sua
1327 2593 1488 2641 gesserit
1515 2606 1634 2640 arma,

614 2658 814 2697 Euenient
843 2659 954 2708 plura
982 2658 1156 2707 dampna
1184 2658 1361 2696 timenda
1390 2658 1518 2697 mala:

613 2723 651 2760 Si
681 2724 784 2761 mala
813 2724 969 2772 milicia,
1002 2724 1122 2761 nichil
1152 2730 1210 2761 est
1240 2729 1407 2769 scutum,
1439 2724 1564 2761 nichil
1593 2723 1715 2770 hasta,

548 2833 612 2862 470
639 2823 722 2854 vluit
747 2824 773 2854 C
922 2835 983 2865 471
1013 2824 1143 2856 laborat
1167 2823 1225 2855 CE
1373 2823 1470 2863 487f.
1506 2824 1580 2855 Two
1604 2823 1684 2854 lines
1707 2833 1771 2854 om.
1799 2822 1860 2853 DL
1920 2822 1972 2853 No

502 2882 634 2916 z‘w'agr.
656 2875 783 2907 CEHT
