2095 3173
872 225 1003 268 VOX
1043 224 1402 267 CLAMANTIS

509 338 626 375 Tunc
655 335 729 374 nisi
759 334 834 373 sub
863 340 1000 372 centro
1029 344 1089 370 res
1117 337 1185 369 aut
1215 343 1332 381 super
1360 331 1495 369 ethera
1523 330 1630 368 nulla

509 403 626 441 Salua
654 407 783 451 potest
814 399 896 437 fieri
924 397 1161 447 proprietate
1189 397 1276 434 loci.

510 468 681 506 Aduena
708 465 831 515 preda
860 464 942 510 fuit,
974 475 1093 513 quam
1123 463 1290 500 rusticus
1319 461 1478 499 inchola
1506 460 1642 499 mortis

510 530 713 570 Morsibus
743 529 944 578 exagitans
974 528 1079 566 ensis
1109 528 1149 565 in
1180 539 1247 566 ore
1276 527 1375 565 terit.

511 597 548 637 Ο
579 597 692 635 dolor
721 595 761 632 in
790 606 937 644 sponsa
966 593 1103 632 mortis
1132 605 1223 631 cum
1252 593 1393 631 viderit
1422 604 1570 639 ensem,

511 663 605 711 Quo
634 661 791 699 caderet
820 672 1000 709 sponsus,
1033 671 1108 697 nec
1136 659 1209 697 fuit
1238 659 1321 708 ipse
1350 660 1462 696 reus!

511 727 693 775 Occupat
721 725 906 774 amplexu
934 724 1195 773 lacrimasque
1224 735 1294 772 per
1323 724 1459 762 oscula
1489 724 1621 770 siccat,

514 792 572 831 ‘O
602 791 744 841 pariter
773 790 847 828 celi
876 801 1032 828 summa
1060 789 1266 839 petamus‚'
1295 789 1372 827 ait:
1789 801 1873 823 1220

510 857 725 907 Accipiunt
753 856 944 905 lacrymas
972 855 1094 904 spersi
1124 866 1193 904 per
1221 854 1322 892 colla
1350 854 1491 903 capilli,

510 923 672 972 Oraque
701 921 873 970 singultu
903 919 1165 958 concuciente
1193 925 1350 957 sonant.

511 988 575 1026 Sic
604 986 727 1036 magis
757 985 914 1024 orbatas
944 996 1064 1034 quam
1094 996 1188 1033 sepe
1217 983 1340 1033 rigare
1368 982 1517 1020 maritis

512 1052 721 1091 Femineas
750 1050 830 1088 vidi
861 1049 982 1088 corde
1010 1049 1172 1088 dolente
1200 1060 1350 1098 genas;

512 1118 614 1168 Sepe
642 1128 784 1154 manus
812 1115 959 1165 stringi,
990 1114 1216 1163 dirumpere
1244 1124 1419 1163 sepeque
1448 1112 1586 1159 crines,

510 1183 675 1232 Vngues
705 1188 745 1219 et
773 1180 972 1230 propriam
1001 1179 1191 1218 dilaniare
1220 1185 1364 1217 cutem.

513 1248 592 1297 Qui
622 1255 754 1284 tamen
785 1252 844 1284 est
872 1245 1003 1284 omnis
1031 1251 1169 1283 auctor
1197 1244 1369 1291 feritatis,
1401 1242 1454 1281 ob
1484 1242 1590 1292 ipsos

512 1313 671 1352 Gaudia
699 1312 773 1350 fert
802 1312 931 1349 luctus
961 1317 999 1348 et
1028 1310 1153 1359 magis
1182 1315 1300 1358 auget
1329 1321 1423 1356 eos;

512 1378 776 1426 Monstraque
805 1376 860 1414 sic
889 1375 1096 1413 hominum
1128 1374 1258 1412 calido
1288 1374 1340 1412 de
1369 1372 1562 1423 sanguine
1589 1371 1776 1422 gaudent,

513 1443 635 1492 Quod
664 1442 787 1480 nichil
816 1441 999 1491 impietas
1029 1440 1080 1479 de
1109 1439 1257 1489 pietate
1285 1439 1398 1489 sapit.
1792 1451 1875 1483 1230

566 1543 766 1592 Sperserat
795 1540 1000 1590 ambiguas
1030 1539 1147 1577 huius
1176 1551 1274 1589 vaga
1302 1538 1407 1576 fama
1435 1549 1505 1587 per
1532 1536 1648 1575 vrbes

512 1607 701 1647 Rumoris
730 1606 916 1653 sonitum,
948 1604 1149 1654 cordaque
1179 1604 1291 1641 firma
1319 1609 1456 1641 mouet
1472 1615 1483 1650 3

514 1674 755 1722 Euentuque
784 1671 892 1721 graui
922 1670 1105 1709 recitatur
1134 1669 1293 1719 publica
1322 1667 1467 1715 clades,

512 1740 599 1778 Nec
629 1738 680 1777 de
709 1738 866 1776 fortuna
895 1748 976 1786 quo
1005 1735 1121 1774 cadet
1150 1735 1234 1784 ipse
1264 1734 1374 1783 sapit.

513 1804 577 1844 Sic
606 1803 730 1853 magis
760 1814 853 1841 ecce
881 1802 984 1839 viros
1013 1800 1217 1850 perterruit
1246 1799 1391 1849 impius
1420 1797 1537 1845 ensis,

513 1870 637 1910 Cuius
667 1880 749 1906 non
779 1867 979 1906 redimunt
1008 1877 1125 1904 aurea
1154 1865 1262 1903 dona
1291 1876 1478 1901 manum:

513 1935 636 1984 Vrget
664 1944 797 1971 amara
826 1931 919 1979 sitis,
950 1943 1029 1981 que
1057 1930 1203 1969 torrida
1232 1930 1380 1967 viscera
1409 1934 1577 1977 torquet,

514 2000 623 2038 Dum
653 1998 771 2036 timor
799 1996 970 2035 exsiccat
999 1995 1168 2046 pectoris
1197 2001 1308 2032 antra
1337 1993 1430 2031 viri:

515 2064 800 2112 Inuictumque
827 2062 955 2100 virum
983 2061 1113 2111 potuit
1141 2072 1261 2110 quern
1291 2060 1422 2097 nullus
1451 2058 1503 2096 ab
1532 2064 1625 2096 ante

513 2131 695 2176 Vincere,
727 2136 823 2166 tunc
851 2127 945 2166 vicit
974 2127 1026 2166 de
1053 2125 1244 2176 grauitate
1273 2137 1421 2175 pauor:
1794 2138 1879 2172 1240

515 2194 666 2234 Ymber
693 2201 733 2232 vt
762 2193 847 2243 ipse
876 2205 990 2230 cruor
1017 2191 1299 2240 rubefactaque
1328 2189 1518 2239 sanguine
1546 2189 1661 2228 tellus

516 2261 632 2298 Tunc
661 2258 784 2308 magis
812 2257 973 2296 audacis
1003 2256 1186 2295 interiora
1215 2261 1362 2293 mouet.

517 2326 584 2364 Set
613 2332 747 2363 tamen
776 2329 818 2361 vt
846 2328 957 2360 curet
985 2320 1170 2359 morbum
1199 2321 1262 2358 lex
1291 2320 1397 2357 nulla
1426 2318 1620 2366 medetur,

519 2392 605 2430 Nec
634 2388 709 2428 sibi
737 2400 806 2439 pre
835 2386 1019 2425 manibus
1048 2386 1136 2436 quis
1169 2385 1393 2436 properauit
1423 2396 1570 2434 opem:

517 2454 719 2493 Auxilium
749 2453 880 2491 nullus
908 2450 1025 2490 rebus
1053 2450 1253 2500 prestabat
1280 2450 1433 2496 amaris,

518 2521 651 2559 Lance
681 2530 792 2556 suam
821 2522 976 2566 reputat
1005 2515 1175 2565 quisque
1203 2521 1338 2553 tenere
1367 2526 1535 2553 necem:

520 2586 592 2623 Est
620 2585 773 2622 inmota
802 2594 944 2621 manus
972 2593 1180 2631 procerum
1210 2591 1284 2618 nec
1314 2580 1502 2629 temporis
1532 2578 1663 2618 obstat

519 2650 595 2697 Ire,
626 2655 685 2688 set
713 2648 874 2698 paciens
904 2646 1060 2685 sustulit
1087 2657 1208 2684 omne
1236 2645 1409 2684 malurn:

520 2714 639 2752 Nulla
667 2713 840 2763 potentis
870 2718 951 2750 erat
981 2711 1154 2750 hominis
1184 2716 1280 2748 tunc
1309 2709 1418 2747 salua
1447 2715 1633 2758 potestas,

519 2778 716 2828 Deprimit
746 2779 870 2816 immo
900 2789 1015 2815 suurn
1044 2775 1172 2813 cauda
1200 2775 1372 2824 maligna
1400 2780 1544 2824 caput:
1795 2789 1881 2821 1250

412 2903 492 2933 1241
508 2897 544 2925 vt
559 2893 626 2935 (ut)
641 2893 773 2924 CEHD
812 2898 845 2924 et
859 2892 884 2925 S
963 2901 1047 2932 1243
1059 2890 1142 2922 Eius
1155 2889 1245 2921 enim
1261 2889 1352 2921 nulla
1365 2889 1482 2921 morbo
1496 2888 1664 2922 medicina
1677 2888 1838 2921 medetur
1849 2888 1880 2919 D
