2095 3173
408 252 461 292 54

877 241 1008 283 VOX
1049 240 1415 283 CLAMANTIS

532 348 700 398 Palpitat
730 354 769 386 et
798 347 963 386 moritur
992 347 1059 397 qui
1090 347 1190 385 solet
1219 359 1307 386 esse
1335 354 1465 397 caput.

532 414 643 452 Mors
672 413 820 452 etenim
851 413 969 450 sacris
998 413 1081 459 suit,
1113 413 1214 450 heu!
1255 413 1437 451 furiosior
1464 414 1550 459 aris,

532 480 583 516 Et
612 479 741 516 minor
769 490 792 516 a
821 477 976 527 pecude
1005 478 1170 527 presulis
1199 484 1304 516 extat
1334 479 1473 517 honor.

530 544 698 583 Venturi
727 555 924 581 memores
953 549 1092 590 estote,
1122 555 1202 592 que
1230 543 1418 593 temporis
1448 544 1564 582 huius

531 609 657 649 Casus
686 608 887 647 inauditus
915 609 1081 647 instruat
1110 621 1230 648 omne
1259 609 1412 649 solum:

532 674 728 723 Exemplo
755 681 922 712 caueant
952 674 1019 723 qui
1049 674 1262 723 spiritualia
1290 682 1461 722 seruant,

532 741 595 778 Ne
623 739 740 777 simul
769 739 943 777 officium
972 739 1041 777 det
1070 739 1145 777 sibi
1173 746 1274 778 terra
1303 753 1432 778 suum.

532 805 623 853 Que
653 804 877 844 Cassandra
906 804 1005 842 solet
1034 805 1235 854 predicere
1264 817 1374 844 more
1402 805 1605 856 prophete,

532 870 735 909 Eueniunt
764 869 849 908 vrbi
879 869 1056 918 pondere
1085 870 1200 908 valde
1228 871 1348 919 graui.
1810 886 1896 918 1150

532 937 623 974 Hec
652 948 794 974 manus
823 936 927 974 alma
956 935 1020 973 dei
1050 936 1154 973 mala
1182 937 1451 985 permittendo
1480 935 1647 982 sinebat,

532 1002 624 1050 Que
653 1008 786 1040 tamen
816 1001 909 1039 inde
938 1001 1010 1039 fuit
1039 1013 1157 1039 causa
1186 1001 1259 1040 scit
1288 1002 1372 1052 ipse
1401 1002 1511 1040 deus.

531 1067 698 1105 Insolita
727 1067 861 1105 cuncti
890 1067 955 1105 tali
986 1067 1038 1105 de
1068 1074 1194 1105 morte
1224 1066 1448 1116 stupebant,

531 1133 679 1171 Saltem
708 1145 810 1182 quos
839 1133 945 1171 racio
974 1133 1127 1182 stringit
1156 1145 1290 1171 amore
1320 1133 1394 1171 dei.

532 1199 627 1236 Non
658 1198 819 1236 Heleno
849 1199 976 1247 potuit
1007 1199 1185 1237 Priamus
1215 1211 1449 1245 succurrere,
1483 1199 1604 1249 Regis

532 1264 693 1313 Imperii
723 1271 781 1302 set
812 1276 860 1302 eo
891 1271 1070 1313 ternpore
1100 1264 1184 1302 iura
1213 1264 1328 1302 silent
1344 1278 1354 1312 3

532 1330 620 1367 Rex
650 1336 784 1367 tamen
813 1336 853 1367 vt
883 1330 998 1367 sciuit
1028 1329 1138 1379 quod
1167 1330 1223 1367 sic
1252 1330 1324 1367 fuit
1353 1329 1493 1368 ordine
1521 1342 1662 1376 rerum,

533 1395 687 1445 Plangit
716 1401 755 1433 et
785 1395 878 1432 hinc
908 1395 1035 1434 doluit
1064 1395 1194 1433 cordis
1223 1407 1358 1433 amore
1387 1395 1471 1434 sui:

533 1461 620 1498 Rex
648 1460 775 1499 doluit
804 1460 964 1508 factum,
997 1473 1071 1498 nec
1101 1460 1221 1499 habet
1250 1473 1331 1510 quo
1361 1460 1538 1510 frangere
1567 1460 1702 1507 fatum,

533 1527 625 1564 Iura
655 1539 729 1565 nec
758 1526 924 1565 ecclesie
952 1526 1088 1565 debita
1117 1527 1216 1564 ferre
1244 1539 1363 1564 sacre.
1816 1533 1898 1565 1160

531 1592 639 1629 Ante
668 1604 796 1630 sacras
824 1591 906 1630 vidi
935 1592 1109 1641 proiecta
1138 1592 1332 1630 cadauera
1361 1598 1506 1641 postes,

532 1658 619 1696 Nec
649 1657 760 1696 locus
790 1664 848 1696 est
878 1657 918 1695 in
948 1669 1029 1707 quo
1058 1656 1203 1695 desinit
1234 1669 1320 1695 esse
1350 1656 1514 1706 nephas.

470 1779 547 1813 Hic
573 1780 734 1815 tractat
762 1780 940 1815 vlterius
967 1780 1191 1815 secundum
1218 1779 1426 1814 visionem
1453 1780 1633 1823 sompnii
1658 1780 1708 1815 de
1733 1781 1900 1816 diuersa

424 1838 716 1881 persecucione
744 1841 786 1873 et
809 1839 1033 1879 occisione,
1057 1849 1164 1882 quas
1186 1839 1230 1872 in
1254 1839 1367 1873 dicta
1391 1838 1565 1873 ciuitate
1590 1839 1897 1882 quodammodo

422 1898 580 1940 absque
619 1898 707 1932 vlla
744 1900 923 1941 protunc
961 1898 1202 1933 defensione
1242 1898 1348 1932 furie
1391 1897 1643 1941 supradicte,
1678 1899 1898 1941 prodolor!

423 1956 649 1996 faciebant,
661 1959 704 1991 et
722 1957 901 2000 qualiter
910 1955 1145 1990 huiusmodi
1156 1956 1271 1990 fama
1282 1956 1449 1990 vicinas
1461 1957 1680 1999 perterruit
1692 1957 1899 1994 ciuitates.

291 2024 420 2072 Capm.
443 2039 501 2064 xv,

591 2027 753 2076 Quique
783 2027 905 2076 magis
935 2026 1110 2064 celebres
1141 2027 1295 2064 fuerant
1325 2026 1402 2064 hoc
1432 2033 1611 2076 tempore
1640 2027 1757 2074 ciues,

537 2092 645 2129 Sicut
675 2104 771 2129 oues
801 2092 937 2129 mortis
967 2090 1215 2140 procubuere
1244 2104 1376 2129 manu.

535 2157 713 2206 Corpora
742 2157 860 2194 missa
890 2157 978 2194 neci
1007 2157 1117 2194 nullo
1147 2157 1198 2194 de
1226 2169 1336 2194 more
1366 2157 1552 2204 feruntur,

536 2223 669 2260 Immo
699 2222 828 2260 iacent
857 2222 1000 2271 patulis
1029 2221 1205 2270 vndique
1235 2233 1368 2270 spersa
1397 2222 1492 2260 viis:

536 2289 587 2325 Et
616 2287 727 2337 quod
756 2287 863 2324 nulla
892 2287 993 2333 viris,
1024 2286 1163 2333 rabies,
1195 2294 1456 2324 monumenta
1485 2296 1700 2335 manerent,

536 2354 699 2391 Mortua
727 2351 977 2390 membratim
1008 2364 1173 2400 corpora
1201 2352 1322 2389 scissa
1350 2352 1462 2390 terit:

535 2419 713 2467 Corpora
741 2430 923 2456 cesorum
952 2417 1073 2455 muris
1103 2429 1293 2466 suspensa
1322 2426 1529 2466 reponunt,

534 2486 736 2533 Brutaque
767 2483 970 2521 brutorum
1000 2495 1110 2521 more
1139 2483 1292 2531 sepulta
1322 2491 1477 2532 negant.
1812 2500 1896 2535 1170

536 2549 711 2587 Horrida
741 2549 854 2598 plaga
883 2548 954 2586 fuit
984 2548 1079 2586 dum
1109 2548 1302 2597 sanguine
1332 2554 1432 2586 terra
1463 2550 1666 2598 madescit,

536 2615 642 2652 Fons
672 2614 913 2663 vbicumque
942 2620 1077 2660 tumet,
1110 2613 1372 2662 sanguinitate
1401 2613 1539 2653 rubet:

536 2678 648 2714 Mors
678 2677 767 2714 furit
797 2676 837 2713 in
866 2675 1027 2722 foribus,
1059 2687 1164 2713 mors
1192 2675 1321 2724 pulsat
1349 2675 1401 2713 ad
1430 2676 1529 2714 ostia
1560 2677 1664 2724 iuris,

535 2742 682 2780 Viuere
711 2741 795 2779 siue
824 2741 923 2779 mori
951 2741 1118 2779 rusticus
1149 2740 1231 2790 ipse
1260 2739 1380 2778 iubet.

646 2828 731 2858 1159
753 2817 927 2856 frangeret
943 2822 1053 2849 actum
1072 2816 1102 2846 D
1238 2817 1323 2846 1160
1344 2816 1480 2848 subdita
1498 2817 1525 2848 C

643 2870 727 2910 Cap.
746 2881 802 2902 xv.
818 2869 979 2910 Heading
993 2879 1013 2909 3
1037 2879 1098 2909 pro
1115 2873 1196 2899 tunc
1214 2867 1307 2898 CED
1456 2879 1476 2908 4
1499 2869 1600 2900 huius
1616 2868 1680 2900 ΕΙ)

647 2932 732 2962 1170
753 2922 909 2962 sepulcra
927 2922 957 2953 D
1093 2930 1176 2961 1173
1198 2920 1310 2952 hostia
1326 2920 1384 2953 CE
