<?xml version="1.0" encoding="UTF-8"?>
<!DOCTYPE html PUBLIC "-//W3C//DTD XHTML 1.0 Transitional//EN"
    "http://www.w3.org/TR/xhtml1/DTD/xhtml1-transitional.dtd">
<html xmlns="http://www.w3.org/1999/xhtml" xml:lang="en" lang="en">
 <head>
  <title>
</title>
<meta http-equiv="Content-Type" content="text/html;charset=utf-8" />
  <meta name='ocr-system' content='tesseract 3.04.00' />
  <meta name='ocr-capabilities' content='ocr_page ocr_carea ocr_par ocr_line ocrx_word'/>
</head>
<body>
  <div class='ocr_page' id='page_1' title='image "./completeworksofj04gowe_0347.png"; bbox 0 0 2095 3173; ppageno 0'>
   <div class='ocr_carea' id='block_1_1' title="bbox 45 0 72 3173">
    <p class='ocr_par' dir='ltr' id='par_1_1' title="bbox 45 0 72 3173">
     <span class='ocr_line' id='line_1_1' title="bbox 45 0 72 3173; baseline 0 0"><span class='ocrx_word' id='word_1_1' title='bbox 45 0 72 3173; x_wconf 95' lang='lat' dir='ltr'>   </span> 
     </span>
    </p>
   </div>
   <div class='ocr_carea' id='block_1_2' title="bbox 696 220 1663 274">
    <p class='ocr_par' dir='ltr' id='par_1_2' title="bbox 696 220 1663 274">
     <span class='ocr_line' id='line_1_2' title="bbox 696 220 1663 274; baseline -0.001 -13"><span class='ocrx_word' id='word_1_2' title='bbox 696 220 883 262; x_wconf 90' lang='lat' dir='ltr'>LIBER</span> <span class='ocrx_word' id='word_1_3' title='bbox 924 221 1166 263; x_wconf 88' lang='lat' dir='ltr'>SEXTUS</span> <span class='ocrx_word' id='word_1_4' title='bbox 1583 234 1663 274; x_wconf 82' lang='lat'>243</span> 
     </span>
    </p>
   </div>
   <div class='ocr_carea' id='block_1_3' title="bbox 197 351 1664 633">
    <p class='ocr_par' dir='ltr' id='par_1_3' title="bbox 197 351 1664 633">
     <span class='ocr_line' id='line_1_3' title="bbox 243 351 1663 399; baseline 0.001 -13"><span class='ocrx_word' id='word_1_5' title='bbox 243 351 321 387; x_wconf 88' lang='lat' dir='ltr'>Hic</span> <span class='ocrx_word' id='word_1_6' title='bbox 356 353 539 397; x_wconf 85' lang='lat' dir='ltr'>loquitur</span> <span class='ocrx_word' id='word_1_7' title='bbox 569 353 678 398; x_wconf 90' lang='lat' dir='ltr'>quod</span> <span class='ocrx_word' id='word_1_8' title='bbox 703 354 813 390; x_wconf 87' lang='lat' dir='ltr'>sicut</span> <span class='ocrx_word' id='word_1_9' title='bbox 843 354 1034 390; x_wconf 87' lang='lat' dir='ltr'>homines</span> <span class='ocrx_word' id='word_1_10' title='bbox 1062 365 1156 390; x_wconf 85' lang='lat' dir='ltr'>esse</span> <span class='ocrx_word' id='word_1_11' title='bbox 1181 364 1305 399; x_wconf 90' lang='lat' dir='ltr'>super</span> <span class='ocrx_word' id='word_1_12' title='bbox 1337 355 1493 389; x_wconf 83' lang='lat' dir='ltr'>terram</span> <span class='ocrx_word' id='word_1_13' title='bbox 1522 363 1663 388; x_wconf 83' lang='lat' dir='ltr'>neces-</span> 
     </span>
     <span class='ocr_line' id='line_1_4' title="bbox 198 411 1662 457; baseline 0.001 -12"><span class='ocrx_word' id='word_1_14' title='bbox 198 411 311 445; x_wconf 85' lang='lat' dir='ltr'>sario</span> <span class='ocrx_word' id='word_1_15' title='bbox 343 413 524 456; x_wconf 86' lang='lat' dir='ltr'>expedit,</span> <span class='ocrx_word' id='word_1_16' title='bbox 558 414 618 448; x_wconf 86' lang='lat' dir='ltr'>ita</span> <span class='ocrx_word' id='word_1_17' title='bbox 652 414 767 456; x_wconf 85' lang='lat' dir='ltr'>leges</span> <span class='ocrx_word' id='word_1_18' title='bbox 800 414 852 448; x_wconf 83' lang='lat' dir='ltr'>ad</span> <span class='ocrx_word' id='word_1_19' title='bbox 886 424 1026 448; x_wconf 90' lang='lat' dir='ltr'>eorum</span> <span class='ocrx_word' id='word_1_20' title='bbox 1064 414 1247 457; x_wconf 86' lang='lat' dir='ltr'>regimen</span> <span class='ocrx_word' id='word_1_21' title='bbox 1280 413 1445 448; x_wconf 88' lang='lat' dir='ltr'>institui</span> <span class='ocrx_word' id='word_1_22' title='bbox 1484 414 1662 456; x_wconf 86' lang='lat' dir='ltr'>oportet,</span> 
     </span>
     <span class='ocr_line' id='line_1_5' title="bbox 197 468 1664 515; baseline 0.001 -13"><span class='ocrx_word' id='word_1_23' title='bbox 197 468 415 504; x_wconf 86' lang='lat' dir='ltr'>dummodo</span> <span class='ocrx_word' id='word_1_24' title='bbox 447 473 588 506; x_wconf 84' lang='lat' dir='ltr'>tamen</span> <span class='ocrx_word' id='word_1_25' title='bbox 619 472 726 515; x_wconf 87' lang='lat' dir='ltr'>legis</span> <span class='ocrx_word' id='word_1_26' title='bbox 759 472 955 507; x_wconf 82' lang='lat' dir='ltr'>custodes</span> <span class='ocrx_word' id='word_1_27' title='bbox 987 482 1130 507; x_wconf 89' lang='lat' dir='ltr'>verum</span> <span class='ocrx_word' id='word_1_28' title='bbox 1169 483 1196 506; x_wconf 86' lang='lat' dir='ltr'>a</span> <span class='ocrx_word' id='word_1_29' title='bbox 1229 472 1339 506; x_wconf 85' lang='lat' dir='ltr'>falso</span> <span class='ocrx_word' id='word_1_30' title='bbox 1378 471 1664 506; x_wconf 87' lang='lat' dir='ltr'>discernentes</span> 
     </span>
     <span class='ocr_line' id='line_1_6' title="bbox 198 527 1664 574; baseline 0.002 -13"><span class='ocrx_word' id='word_1_31' title='bbox 198 527 420 572; x_wconf 89' lang='lat' dir='ltr'>vnicuique</span> <span class='ocrx_word' id='word_1_32' title='bbox 461 530 570 573; x_wconf 91' lang='lat' dir='ltr'>quod</span> <span class='ocrx_word' id='word_1_33' title='bbox 629 540 748 564; x_wconf 88' lang='lat' dir='ltr'>suum</span> <span class='ocrx_word' id='word_1_34' title='bbox 788 531 854 565; x_wconf 86' lang='lat' dir='ltr'>est</span> <span class='ocrx_word' id='word_1_35' title='bbox 894 541 998 574; x_wconf 90' lang='lat' dir='ltr'>equo</span> <span class='ocrx_word' id='word_1_36' title='bbox 1044 530 1224 574; x_wconf 89' lang='lat' dir='ltr'>pondere</span> <span class='ocrx_word' id='word_1_37' title='bbox 1269 530 1531 565; x_wconf 83' lang='lat' dir='ltr'>distribuant.</span> <span class='ocrx_word' id='word_1_38' title='bbox 1604 529 1664 564; x_wconf 89' lang='lat' dir='ltr'>De</span> 
     </span>
     <span class='ocr_line' id='line_1_7' title="bbox 200 587 1664 633; baseline 0.001 -12"><span class='ocrx_word' id='word_1_39' title='bbox 200 587 410 622; x_wconf 87' lang='lat' dir='ltr'>erroribus</span> <span class='ocrx_word' id='word_1_40' title='bbox 451 589 592 623; x_wconf 86' lang='lat' dir='ltr'>tamen</span> <span class='ocrx_word' id='word_1_41' title='bbox 633 589 676 623; x_wconf 85' lang='lat' dir='ltr'>et</span> <span class='ocrx_word' id='word_1_42' title='bbox 717 588 881 623; x_wconf 89' lang='lat' dir='ltr'>iniuriis</span> <span class='ocrx_word' id='word_1_43' title='bbox 921 589 1046 624; x_wconf 90' lang='lat' dir='ltr'>modo</span> <span class='ocrx_word' id='word_1_44' title='bbox 1089 589 1429 633; x_wconf 87' lang='lat' dir='ltr'>contingentibus</span> <span class='ocrx_word' id='word_1_45' title='bbox 1469 589 1664 623; x_wconf 87' lang='lat' dir='ltr'>innocen-</span> 
     </span>
    </p>
   </div>
   <div class='ocr_carea' id='block_1_4' title="bbox 200 644 1664 738">
    <p class='ocr_par' dir='ltr' id='par_1_4' title="bbox 200 644 1664 738">
     <span class='ocr_line' id='line_1_8' title="bbox 200 644 1664 692; baseline 0.002 -14"><span class='ocrx_word' id='word_1_46' title='bbox 200 644 306 679; x_wconf 88' lang='lat' dir='ltr'>ciam</span> <span class='ocrx_word' id='word_1_47' title='bbox 335 646 462 690; x_wconf 90' lang='lat' dir='ltr'>Regis</span> <span class='ocrx_word' id='word_1_48' title='bbox 490 647 639 690; x_wconf 84' lang='lat' dir='ltr'>nostri,</span> <span class='ocrx_word' id='word_1_49' title='bbox 664 647 840 682; x_wconf 88' lang='lat' dir='ltr'>minoris</span> <span class='ocrx_word' id='word_1_50' title='bbox 866 649 995 682; x_wconf 84' lang='lat' dir='ltr'>etatis</span> <span class='ocrx_word' id='word_1_51' title='bbox 1021 658 1161 690; x_wconf 86' lang='lat' dir='ltr'>causa,</span> <span class='ocrx_word' id='word_1_52' title='bbox 1188 648 1388 692; x_wconf 82' lang='lat' dir='ltr'>quantum</span> <span class='ocrx_word' id='word_1_53' title='bbox 1415 648 1467 682; x_wconf 85' lang='lat' dir='ltr'>ad</span> <span class='ocrx_word' id='word_1_54' title='bbox 1492 657 1664 692; x_wconf 90' lang='lat' dir='ltr'>presens</span> 
     </span>
     <span class='ocr_line' id='line_1_9' title="bbox 200 706 389 738; baseline 0.011 -2"><span class='ocrx_word' id='word_1_55' title='bbox 200 706 389 738; x_wconf 84' lang='lat' dir='ltr'>excusat.</span> 
     </span>
    </p>
   </div>
   <div class='ocr_carea' id='block_1_5' title="bbox 60 782 1664 2721">
    <p class='ocr_par' dir='ltr' id='par_1_5' title="bbox 60 782 1246 836">
     <span class='ocr_line' id='line_1_10' title="bbox 60 782 1246 836; baseline 0.005 -17"><span class='ocrx_word' id='word_1_56' title='bbox 60 782 191 835; x_wconf 64' lang='lat' dir='ltr'>Capm.</span> <span class='ocrx_word' id='word_1_57' title='bbox 214 783 276 823; x_wconf 88' lang='lat' dir='ltr'>vii.</span> <span class='ocrx_word' id='word_1_58' title='bbox 362 786 439 824; x_wconf 93' lang='lat' dir='ltr'>Pro</span> <span class='ocrx_word' id='word_1_59' title='bbox 468 792 750 836; x_wconf 87' lang='lat' dir='ltr'>transgressore</span> <span class='ocrx_word' id='word_1_60' title='bbox 779 786 932 825; x_wconf 83' lang='lat' dir='ltr'>fuerant</span> <span class='ocrx_word' id='word_1_61' title='bbox 960 787 1065 836; x_wconf 83' lang='lat' dir='ltr'>leges</span> <span class='ocrx_word' id='word_1_62' title='bbox 1094 787 1246 834; x_wconf 86' lang='lat' dir='ltr'>situate‚</span> 
     </span>
    </p>

    <p class='ocr_par' dir='ltr' id='par_1_6' title="bbox 60 840 1663 908">
     <span class='ocr_line' id='line_1_11' title="bbox 60 840 1663 908; baseline 0 -20"><span class='ocrx_word' id='word_1_63' title='bbox 60 840 62 908; x_wconf 68' lang='lat'>]</span> <span class='ocrx_word' id='word_1_64' title='bbox 310 850 488 898; x_wconf 86' lang='lat' dir='ltr'>Quilibet</span> <span class='ocrx_word' id='word_1_65' title='bbox 516 858 557 890; x_wconf 88' lang='lat' dir='ltr'>vt</span> <span class='ocrx_word' id='word_1_66' title='bbox 585 852 723 890; x_wconf 87' lang='lat' dir='ltr'>merita</span> <span class='ocrx_word' id='word_1_67' title='bbox 751 859 885 901; x_wconf 88' lang='lat' dir='ltr'>posset</span> <span class='ocrx_word' id='word_1_68' title='bbox 914 851 1060 890; x_wconf 88' lang='lat' dir='ltr'>habere</span> <span class='ocrx_word' id='word_1_69' title='bbox 1089 865 1181 890; x_wconf 87' lang='lat' dir='ltr'>sua:</span> <span class='ocrx_word' id='word_1_70' title='bbox 1598 864 1663 899; x_wconf 76' lang='lat'>470</span> 
     </span>
    </p>

    <p class='ocr_par' dir='ltr' id='par_1_7' title="bbox 309 917 1404 968">
     <span class='ocr_line' id='line_1_12' title="bbox 309 917 1404 968; baseline 0 -14"><span class='ocrx_word' id='word_1_71' title='bbox 309 917 428 955; x_wconf 90' lang='lat' dir='ltr'>Nunc</span> <span class='ocrx_word' id='word_1_72' title='bbox 457 924 590 955; x_wconf 84' lang='lat' dir='ltr'>tamen</span> <span class='ocrx_word' id='word_1_73' title='bbox 619 917 691 955; x_wconf 90' lang='lat' dir='ltr'>iste</span> <span class='ocrx_word' id='word_1_74' title='bbox 721 917 850 955; x_wconf 89' lang='lat' dir='ltr'>bonus</span> <span class='ocrx_word' id='word_1_75' title='bbox 880 918 1053 966; x_wconf 86' lang='lat' dir='ltr'>punitur,</span> <span class='ocrx_word' id='word_1_76' title='bbox 1081 924 1120 956; x_wconf 92' lang='lat' dir='ltr'>et</span> <span class='ocrx_word' id='word_1_77' title='bbox 1148 918 1244 956; x_wconf 87' lang='lat' dir='ltr'>alter</span> <span class='ocrx_word' id='word_1_78' title='bbox 1263 917 1404 968; x_wconf 87' lang='lat' dir='ltr'>iniqus,</span> 
     </span>
    </p>

    <p class='ocr_par' dir='ltr' id='par_1_8' title="bbox 310 982 1110 1032">
     <span class='ocr_line' id='line_1_13' title="bbox 310 982 1110 1032; baseline 0.003 -13"><span class='ocrx_word' id='word_1_79' title='bbox 310 982 418 1019; x_wconf 89' lang='lat' dir='ltr'>Dum</span> <span class='ocrx_word' id='word_1_80' title='bbox 447 983 551 1032; x_wconf 86' lang='lat' dir='ltr'>viget</span> <span class='ocrx_word' id='word_1_81' title='bbox 580 995 626 1021; x_wconf 89' lang='lat' dir='ltr'>ex</span> <span class='ocrx_word' id='word_1_82' title='bbox 655 995 761 1030; x_wconf 91' lang='lat' dir='ltr'>auro,</span> <span class='ocrx_word' id='word_1_83' title='bbox 793 983 1022 1020; x_wconf 88' lang='lat' dir='ltr'>iustificatur</span> <span class='ocrx_word' id='word_1_84' title='bbox 1051 995 1110 1021; x_wconf 88' lang='lat' dir='ltr'>eo.</span> 
     </span>
    </p>

    <p class='ocr_par' dir='ltr' id='par_1_9' title="bbox 310 1043 1534 1096">
     <span class='ocr_line' id='line_1_14' title="bbox 310 1043 1534 1096; baseline -0.001 -11"><span class='ocrx_word' id='word_1_85' title='bbox 310 1043 466 1086; x_wconf 60' lang='lat' dir='ltr'>Omnia&#39;</span> <span class='ocrx_word' id='word_1_86' title='bbox 485 1054 640 1096; x_wconf 88' lang='lat' dir='ltr'>tempus</span> <span class='ocrx_word' id='word_1_87' title='bbox 670 1047 817 1085; x_wconf 87' lang='lat' dir='ltr'>habent</span> <span class='ocrx_word' id='word_1_88' title='bbox 847 1054 885 1085; x_wconf 87' lang='lat' dir='ltr'>et</span> <span class='ocrx_word' id='word_1_89' title='bbox 914 1047 1034 1085; x_wconf 86' lang='lat' dir='ltr'>habet</span> <span class='ocrx_word' id='word_1_90' title='bbox 1064 1060 1133 1084; x_wconf 89' lang='lat' dir='ltr'>sua</span> <span class='ocrx_word' id='word_1_91' title='bbox 1161 1053 1340 1096; x_wconf 88' lang='lat' dir='ltr'>tempora</span> <span class='ocrx_word' id='word_1_92' title='bbox 1368 1054 1534 1096; x_wconf 76' lang='lat' dir='ltr'>tempuS‚</span> 
     </span>
    </p>

    <p class='ocr_par' dir='ltr' id='par_1_10' title="bbox 309 1112 1224 1162">
     <span class='ocr_line' id='line_1_15' title="bbox 309 1112 1224 1162; baseline -0.001 -12"><span class='ocrx_word' id='word_1_93' title='bbox 309 1112 520 1162; x_wconf 85' lang='lat' dir='ltr'>Causaque</span> <span class='ocrx_word' id='word_1_94' title='bbox 549 1113 605 1150; x_wconf 89' lang='lat' dir='ltr'>sic</span> <span class='ocrx_word' id='word_1_95' title='bbox 633 1125 770 1150; x_wconf 80' lang='lat' dir='ltr'>causas</span> <span class='ocrx_word' id='word_1_96' title='bbox 800 1112 920 1151; x_wconf 89' lang='lat' dir='ltr'>debet</span> <span class='ocrx_word' id='word_1_97' title='bbox 950 1112 1094 1151; x_wconf 85' lang='lat' dir='ltr'>habere</span> <span class='ocrx_word' id='word_1_98' title='bbox 1124 1125 1224 1150; x_wconf 88' lang='lat' dir='ltr'>suas.</span> 
     </span>
    </p>

    <p class='ocr_par' dir='ltr' id='par_1_11' title="bbox 311 1177 1381 1226">
     <span class='ocr_line' id='line_1_16' title="bbox 311 1177 1381 1226; baseline 0 -11"><span class='ocrx_word' id='word_1_99' title='bbox 311 1177 421 1225; x_wconf 87' lang='lat' dir='ltr'>Quid</span> <span class='ocrx_word' id='word_1_100' title='bbox 449 1190 556 1216; x_wconf 90' lang='lat' dir='ltr'>mare</span> <span class='ocrx_word' id='word_1_101' title='bbox 585 1179 789 1226; x_wconf 90' lang='lat' dir='ltr'>conferret,</span> <span class='ocrx_word' id='word_1_102' title='bbox 820 1179 907 1216; x_wconf 86' lang='lat' dir='ltr'>altis</span> <span class='ocrx_word' id='word_1_103' title='bbox 937 1179 1033 1217; x_wconf 89' lang='lat' dir='ltr'>dum</span> <span class='ocrx_word' id='word_1_104' title='bbox 1063 1178 1226 1216; x_wconf 88' lang='lat' dir='ltr'>fluctuat</span> <span class='ocrx_word' id='word_1_105' title='bbox 1254 1178 1381 1224; x_wconf 86' lang='lat' dir='ltr'>vndis,</span> 
     </span>
    </p>

    <p class='ocr_par' dir='ltr' id='par_1_12' title="bbox 310 1243 1280 1292">
     <span class='ocr_line' id='line_1_17' title="bbox 310 1243 1280 1292; baseline 0 -12"><span class='ocrx_word' id='word_1_106' title='bbox 310 1243 367 1281; x_wconf 86' lang='lat' dir='ltr'>Sit</span> <span class='ocrx_word' id='word_1_107' title='bbox 396 1243 470 1280; x_wconf 90' lang='lat' dir='ltr'>nisi</span> <span class='ocrx_word' id='word_1_108' title='bbox 500 1243 611 1280; x_wconf 89' lang='lat' dir='ltr'>nauis</span> <span class='ocrx_word' id='word_1_109' title='bbox 640 1243 676 1281; x_wconf 92' lang='lat' dir='ltr'>ei</span> <span class='ocrx_word' id='word_1_110' title='bbox 705 1255 824 1292; x_wconf 88' lang='lat' dir='ltr'>quam</span> <span class='ocrx_word' id='word_1_111' title='bbox 854 1243 962 1281; x_wconf 90' lang='lat' dir='ltr'>vehit</span> <span class='ocrx_word' id='word_1_112' title='bbox 990 1244 1094 1281; x_wconf 88' lang='lat' dir='ltr'>vnda</span> <span class='ocrx_word' id='word_1_113' title='bbox 1123 1243 1280 1280; x_wconf 86' lang='lat' dir='ltr'>fluens?</span> 
     </span>
    </p>

    <p class='ocr_par' dir='ltr' id='par_1_13' title="bbox 308 1307 1431 1357">
     <span class='ocr_line' id='line_1_18' title="bbox 308 1307 1431 1357; baseline -0.001 -12"><span class='ocrx_word' id='word_1_114' title='bbox 308 1308 375 1346; x_wconf 91' lang='lat' dir='ltr'>Set</span> <span class='ocrx_word' id='word_1_115' title='bbox 404 1308 500 1357; x_wconf 89' lang='lat' dir='ltr'>quid</span> <span class='ocrx_word' id='word_1_116' title='bbox 528 1308 601 1346; x_wconf 92' lang='lat' dir='ltr'>fert</span> <span class='ocrx_word' id='word_1_117' title='bbox 630 1309 742 1346; x_wconf 90' lang='lat' dir='ltr'>nauis</span> <span class='ocrx_word' id='word_1_118' title='bbox 771 1309 845 1347; x_wconf 91' lang='lat' dir='ltr'>nisi</span> <span class='ocrx_word' id='word_1_119' title='bbox 875 1316 993 1346; x_wconf 82' lang='lat' dir='ltr'>nauta</span> <span class='ocrx_word' id='word_1_120' title='bbox 1022 1321 1159 1357; x_wconf 86' lang='lat' dir='ltr'>regens</span> <span class='ocrx_word' id='word_1_121' title='bbox 1189 1308 1237 1345; x_wconf 88' lang='lat' dir='ltr'>sit</span> <span class='ocrx_word' id='word_1_122' title='bbox 1266 1308 1306 1345; x_wconf 92' lang='lat' dir='ltr'>in</span> <span class='ocrx_word' id='word_1_123' title='bbox 1336 1307 1431 1345; x_wconf 81' lang='lat' dir='ltr'>illa?</span> 
     </span>
    </p>

    <p class='ocr_par' dir='ltr' id='par_1_14' title="bbox 311 1373 1303 1421">
     <span class='ocr_line' id='line_1_19' title="bbox 311 1373 1303 1421; baseline 0.001 -11"><span class='ocrx_word' id='word_1_124' title='bbox 311 1373 421 1421; x_wconf 85' lang='lat' dir='ltr'>Quid</span> <span class='ocrx_word' id='word_1_125' title='bbox 451 1374 552 1411; x_wconf 91' lang='lat' dir='ltr'>valet</span> <span class='ocrx_word' id='word_1_126' title='bbox 580 1380 647 1411; x_wconf 90' lang='lat' dir='ltr'>aut</span> <span class='ocrx_word' id='word_1_127' title='bbox 677 1380 806 1420; x_wconf 87' lang='lat' dir='ltr'>nauta,</span> <span class='ocrx_word' id='word_1_128' title='bbox 839 1374 870 1411; x_wconf 88' lang='lat' dir='ltr'>si</span> <span class='ocrx_word' id='word_1_129' title='bbox 900 1373 974 1412; x_wconf 88' lang='lat' dir='ltr'>sibi</span> <span class='ocrx_word' id='word_1_130' title='bbox 1005 1386 1134 1412; x_wconf 90' lang='lat' dir='ltr'>remus</span> <span class='ocrx_word' id='word_1_131' title='bbox 1163 1373 1303 1411; x_wconf 88' lang='lat' dir='ltr'>abest?</span> 
     </span>
    </p>

    <p class='ocr_par' dir='ltr' id='par_1_15' title="bbox 309 1438 1588 1488">
     <span class='ocr_line' id='line_1_20' title="bbox 309 1438 1588 1488; baseline 0 -13"><span class='ocrx_word' id='word_1_132' title='bbox 309 1439 419 1486; x_wconf 88' lang='lat' dir='ltr'>Quid</span> <span class='ocrx_word' id='word_1_133' title='bbox 448 1451 564 1486; x_wconf 87' lang='lat' dir='ltr'>mare,</span> <span class='ocrx_word' id='word_1_134' title='bbox 596 1439 693 1488; x_wconf 91' lang='lat' dir='ltr'>quid</span> <span class='ocrx_word' id='word_1_135' title='bbox 722 1440 845 1485; x_wconf 80' lang='lat' dir='ltr'>nauis,</span> <span class='ocrx_word' id='word_1_136' title='bbox 877 1439 974 1488; x_wconf 92' lang='lat' dir='ltr'>quid</span> <span class='ocrx_word' id='word_1_137' title='bbox 1003 1445 1132 1485; x_wconf 85' lang='lat' dir='ltr'>nauta,</span> <span class='ocrx_word' id='word_1_138' title='bbox 1164 1438 1226 1476; x_wconf 88' lang='lat' dir='ltr'>vel</span> <span class='ocrx_word' id='word_1_139' title='bbox 1255 1445 1313 1476; x_wconf 92' lang='lat' dir='ltr'>est</span> <span class='ocrx_word' id='word_1_140' title='bbox 1343 1438 1417 1476; x_wconf 87' lang='lat' dir='ltr'>sibi</span> <span class='ocrx_word' id='word_1_141' title='bbox 1446 1450 1588 1485; x_wconf 90' lang='lat' dir='ltr'>remus,</span> 
     </span>
    </p>

    <p class='ocr_par' dir='ltr' id='par_1_16' title="bbox 308 1503 1664 1618">
     <span class='ocr_line' id='line_1_21' title="bbox 308 1503 1664 1553; baseline -0.001 -12"><span class='ocrx_word' id='word_1_142' title='bbox 308 1503 365 1542; x_wconf 87' lang='lat' dir='ltr'>Sit</span> <span class='ocrx_word' id='word_1_143' title='bbox 395 1503 467 1541; x_wconf 91' lang='lat' dir='ltr'>nisi</span> <span class='ocrx_word' id='word_1_144' title='bbox 497 1510 631 1552; x_wconf 90' lang='lat' dir='ltr'>portus</span> <span class='ocrx_word' id='word_1_145' title='bbox 661 1504 772 1553; x_wconf 88' lang='lat' dir='ltr'>aquis</span> <span class='ocrx_word' id='word_1_146' title='bbox 802 1511 942 1542; x_wconf 89' lang='lat' dir='ltr'>ventus</span> <span class='ocrx_word' id='word_1_147' title='bbox 972 1511 1011 1542; x_wconf 87' lang='lat' dir='ltr'>et</span> <span class='ocrx_word' id='word_1_148' title='bbox 1039 1510 1154 1553; x_wconf 84' lang='lat' dir='ltr'>aptus</span> <span class='ocrx_word' id='word_1_149' title='bbox 1183 1504 1269 1542; x_wconf 83' lang='lat' dir='ltr'>eis?</span> <span class='ocrx_word' id='word_1_150' title='bbox 1599 1509 1664 1548; x_wconf 87' lang='lat'>480</span> 
     </span>
     <span class='ocr_line' id='line_1_22' title="bbox 362 1567 1643 1618; baseline 0.001 -13"><span class='ocrx_word' id='word_1_151' title='bbox 362 1567 471 1606; x_wconf 87' lang='lat' dir='ltr'>Gens</span> <span class='ocrx_word' id='word_1_152' title='bbox 501 1569 585 1607; x_wconf 87' lang='lat' dir='ltr'>sine</span> <span class='ocrx_word' id='word_1_153' title='bbox 613 1569 698 1618; x_wconf 86' lang='lat' dir='ltr'>lege</span> <span class='ocrx_word' id='word_1_154' title='bbox 727 1569 824 1618; x_wconf 87' lang='lat' dir='ltr'>quid</span> <span class='ocrx_word' id='word_1_155' title='bbox 853 1576 923 1615; x_wconf 88' lang='lat' dir='ltr'>est,</span> <span class='ocrx_word' id='word_1_156' title='bbox 954 1576 1020 1607; x_wconf 88' lang='lat' dir='ltr'>aut</span> <span class='ocrx_word' id='word_1_157' title='bbox 1049 1569 1111 1607; x_wconf 86' lang='lat' dir='ltr'>lex</span> <span class='ocrx_word' id='word_1_158' title='bbox 1140 1569 1224 1607; x_wconf 90' lang='lat' dir='ltr'>sine</span> <span class='ocrx_word' id='word_1_159' title='bbox 1254 1569 1384 1607; x_wconf 90' lang='lat' dir='ltr'>iudice</span> <span class='ocrx_word' id='word_1_160' title='bbox 1413 1568 1510 1618; x_wconf 87' lang='lat' dir='ltr'>quid</span> <span class='ocrx_word' id='word_1_161' title='bbox 1540 1581 1643 1614; x_wconf 85' lang='lat' dir='ltr'>nam,</span> 
     </span>
    </p>

    <p class='ocr_par' dir='ltr' id='par_1_17' title="bbox 307 1634 1127 1683">
     <span class='ocr_line' id='line_1_23' title="bbox 307 1634 1127 1683; baseline 0.004 -13"><span class='ocrx_word' id='word_1_162' title='bbox 307 1634 389 1671; x_wconf 89' lang='lat' dir='ltr'>Aut</span> <span class='ocrx_word' id='word_1_163' title='bbox 420 1634 516 1683; x_wconf 90' lang='lat' dir='ltr'>quid</span> <span class='ocrx_word' id='word_1_164' title='bbox 545 1634 576 1672; x_wconf 90' lang='lat' dir='ltr'>si</span> <span class='ocrx_word' id='word_1_165' title='bbox 606 1635 724 1673; x_wconf 86' lang='lat' dir='ltr'>iudex</span> <span class='ocrx_word' id='word_1_166' title='bbox 752 1636 800 1673; x_wconf 88' lang='lat' dir='ltr'>sit</span> <span class='ocrx_word' id='word_1_167' title='bbox 829 1635 912 1673; x_wconf 89' lang='lat' dir='ltr'>sine</span> <span class='ocrx_word' id='word_1_168' title='bbox 942 1635 1127 1673; x_wconf 86' lang='lat' dir='ltr'>iusticia?</span> 
     </span>
    </p>

    <p class='ocr_par' dir='ltr' id='par_1_18' title="bbox 309 1699 1266 1750">
     <span class='ocr_line' id='line_1_24' title="bbox 309 1699 1266 1750; baseline 0 -13"><span class='ocrx_word' id='word_1_169' title='bbox 309 1699 357 1737; x_wconf 92' lang='lat' dir='ltr'>In</span> <span class='ocrx_word' id='word_1_170' title='bbox 386 1699 509 1748; x_wconf 86' lang='lat' dir='ltr'>patria</span> <span class='ocrx_word' id='word_1_171' title='bbox 537 1706 669 1737; x_wconf 91' lang='lat' dir='ltr'>nostra</span> <span class='ocrx_word' id='word_1_172' title='bbox 699 1700 729 1737; x_wconf 93' lang='lat' dir='ltr'>si</span> <span class='ocrx_word' id='word_1_173' title='bbox 759 1701 847 1750; x_wconf 92' lang='lat' dir='ltr'>quis</span> <span class='ocrx_word' id='word_1_174' title='bbox 877 1700 1141 1748; x_wconf 87' lang='lat' dir='ltr'>circumspicit</span> <span class='ocrx_word' id='word_1_175' title='bbox 1169 1705 1266 1746; x_wconf 87' lang='lat' dir='ltr'>acta,</span> 
     </span>
    </p>

    <p class='ocr_par' dir='ltr' id='par_1_19' title="bbox 309 1763 1233 1813">
     <span class='ocr_line' id='line_1_25' title="bbox 309 1763 1233 1813; baseline -0.001 -12"><span class='ocrx_word' id='word_1_176' title='bbox 309 1764 401 1801; x_wconf 88' lang='lat' dir='ltr'>Hec</span> <span class='ocrx_word' id='word_1_177' title='bbox 429 1764 500 1801; x_wconf 89' lang='lat' dir='ltr'>tria</span> <span class='ocrx_word' id='word_1_178' title='bbox 528 1771 661 1802; x_wconf 88' lang='lat' dir='ltr'>cernet</span> <span class='ocrx_word' id='word_1_179' title='bbox 690 1763 744 1802; x_wconf 87' lang='lat' dir='ltr'>ibi</span> <span class='ocrx_word' id='word_1_180' title='bbox 773 1776 867 1813; x_wconf 90' lang='lat' dir='ltr'>sepe</span> <span class='ocrx_word' id='word_1_181' title='bbox 896 1764 1073 1802; x_wconf 85' lang='lat' dir='ltr'>timenda</span> <span class='ocrx_word' id='word_1_182' title='bbox 1102 1764 1233 1801; x_wconf 89' lang='lat' dir='ltr'>miehi.</span> 
     </span>
    </p>

    <p class='ocr_par' dir='ltr' id='par_1_20' title="bbox 310 1828 1464 1879">
     <span class='ocr_line' id='line_1_26' title="bbox 310 1828 1464 1879; baseline 0.001 -14"><span class='ocrx_word' id='word_1_183' title='bbox 310 1828 456 1866; x_wconf 87' lang='lat' dir='ltr'>Omnia</span> <span class='ocrx_word' id='word_1_184' title='bbox 485 1829 658 1878; x_wconf 89' lang='lat' dir='ltr'>dampna</span> <span class='ocrx_word' id='word_1_185' title='bbox 686 1836 859 1879; x_wconf 81' lang='lat' dir='ltr'>granant,</span> <span class='ocrx_word' id='word_1_186' title='bbox 892 1836 950 1867; x_wconf 88' lang='lat' dir='ltr'>set</span> <span class='ocrx_word' id='word_1_187' title='bbox 979 1829 1086 1866; x_wconf 90' lang='lat' dir='ltr'>nulla</span> <span class='ocrx_word' id='word_1_188' title='bbox 1114 1835 1247 1867; x_wconf 85' lang='lat' dir='ltr'>tamen</span> <span class='ocrx_word' id='word_1_189' title='bbox 1275 1829 1464 1878; x_wconf 87' lang='lat' dir='ltr'>grauiora,</span> 
     </span>
    </p>

    <p class='ocr_par' dir='ltr' id='par_1_21' title="bbox 309 1893 1288 1943">
     <span class='ocr_line' id='line_1_27' title="bbox 309 1893 1288 1943; baseline 0 -13"><span class='ocrx_word' id='word_1_190' title='bbox 309 1893 442 1941; x_wconf 84' lang='lat' dir='ltr'>Quam</span> <span class='ocrx_word' id='word_1_191' title='bbox 471 1905 563 1930; x_wconf 88' lang='lat' dir='ltr'>cum</span> <span class='ocrx_word' id='word_1_192' title='bbox 592 1894 785 1931; x_wconf 90' lang='lat' dir='ltr'>iusticiam</span> <span class='ocrx_word' id='word_1_193' title='bbox 814 1895 938 1932; x_wconf 89' lang='lat' dir='ltr'>iustus</span> <span class='ocrx_word' id='word_1_194' title='bbox 967 1893 1112 1932; x_wconf 90' lang='lat' dir='ltr'>habere</span> <span class='ocrx_word' id='word_1_195' title='bbox 1141 1893 1288 1943; x_wconf 91' lang='lat' dir='ltr'>nequit.</span> 
     </span>
    </p>

    <p class='ocr_par' dir='ltr' id='par_1_22' title="bbox 311 1958 1189 2006">
     <span class='ocr_line' id='line_1_28' title="bbox 311 1958 1189 2006; baseline 0.002 -12"><span class='ocrx_word' id='word_1_196' title='bbox 311 1958 371 1995; x_wconf 87' lang='lat' dir='ltr'>Ex</span> <span class='ocrx_word' id='word_1_197' title='bbox 399 1958 594 1996; x_wconf 83' lang='lat' dir='ltr'>iniusticia</span> <span class='ocrx_word' id='word_1_198' title='bbox 623 1959 820 1997; x_wconf 82' lang='lat' dir='ltr'>discordia</span> <span class='ocrx_word' id='word_1_199' title='bbox 848 1959 997 2006; x_wconf 86' lang='lat' dir='ltr'>crescit,</span> <span class='ocrx_word' id='word_1_200' title='bbox 1029 1966 1067 1996; x_wconf 90' lang='lat' dir='ltr'>et</span> <span class='ocrx_word' id='word_1_201' title='bbox 1096 1959 1189 1996; x_wconf 87' lang='lat' dir='ltr'>inde</span> 
     </span>
    </p>

    <p class='ocr_par' dir='ltr' id='par_1_23' title="bbox 311 2023 1354 2073">
     <span class='ocr_line' id='line_1_29' title="bbox 311 2023 1354 2073; baseline 0 -12"><span class='ocrx_word' id='word_1_202' title='bbox 311 2023 450 2062; x_wconf 89' lang='lat' dir='ltr'>Cessat</span> <span class='ocrx_word' id='word_1_203' title='bbox 479 2036 588 2061; x_wconf 86' lang='lat' dir='ltr'>arnor</span> <span class='ocrx_word' id='word_1_204' title='bbox 617 2025 762 2071; x_wconf 88' lang='lat' dir='ltr'>solitus,</span> <span class='ocrx_word' id='word_1_205' title='bbox 795 2031 1011 2062; x_wconf 81' lang='lat' dir='ltr'>murmurat</span> <span class='ocrx_word' id='word_1_206' title='bbox 1039 2031 1158 2073; x_wconf 89' lang='lat' dir='ltr'>atque</span> <span class='ocrx_word' id='word_1_207' title='bbox 1187 2024 1354 2062; x_wconf 90' lang='lat' dir='ltr'>domus:</span> 
     </span>
    </p>

    <p class='ocr_par' dir='ltr' id='par_1_24' title="bbox 311 2088 1272 2137">
     <span class='ocr_line' id='line_1_30' title="bbox 311 2088 1272 2137; baseline 0.002 -13"><span class='ocrx_word' id='word_1_208' title='bbox 311 2088 492 2125; x_wconf 88' lang='lat' dir='ltr'>Murmur</span> <span class='ocrx_word' id='word_1_209' title='bbox 520 2089 550 2126; x_wconf 89' lang='lat' dir='ltr'>si</span> <span class='ocrx_word' id='word_1_210' title='bbox 581 2090 721 2137; x_wconf 87' lang='lat' dir='ltr'>veniat,</span> <span class='ocrx_word' id='word_1_211' title='bbox 751 2090 858 2128; x_wconf 88' lang='lat' dir='ltr'>venit</span> <span class='ocrx_word' id='word_1_212' title='bbox 886 2096 924 2128; x_wconf 89' lang='lat' dir='ltr'>et</span> <span class='ocrx_word' id='word_1_213' title='bbox 953 2089 1097 2128; x_wconf 89' lang='lat' dir='ltr'>diuisio</span> <span class='ocrx_word' id='word_1_214' title='bbox 1126 2101 1272 2136; x_wconf 89' lang='lat' dir='ltr'>secum,</span> 
     </span>
    </p>

    <p class='ocr_par' dir='ltr' id='par_1_25' title="bbox 310 2153 1663 2203">
     <span class='ocr_line' id='line_1_31' title="bbox 310 2153 1663 2203; baseline 0.001 -13"><span class='ocrx_word' id='word_1_215' title='bbox 310 2153 510 2203; x_wconf 85' lang='lat' dir='ltr'>Terraque</span> <span class='ocrx_word' id='word_1_216' title='bbox 539 2155 665 2192; x_wconf 90' lang='lat' dir='ltr'>diuisa</span> <span class='ocrx_word' id='word_1_217' title='bbox 694 2168 774 2193; x_wconf 90' lang='lat' dir='ltr'>non</span> <span class='ocrx_word' id='word_1_218' title='bbox 805 2155 907 2193; x_wconf 87' lang='lat' dir='ltr'>bene</span> <span class='ocrx_word' id='word_1_219' title='bbox 935 2154 1053 2193; x_wconf 90' lang='lat' dir='ltr'>stabit</span> <span class='ocrx_word' id='word_1_220' title='bbox 1081 2167 1154 2202; x_wconf 91' lang='lat' dir='ltr'>ea;</span> <span class='ocrx_word' id='word_1_221' title='bbox 1599 2171 1663 2202; x_wconf 86' lang='lat'>490</span> 
     </span>
    </p>

    <p class='ocr_par' dir='ltr' id='par_1_26' title="bbox 313 2218 1516 2270">
     <span class='ocr_line' id='line_1_32' title="bbox 313 2218 1516 2270; baseline 0.002 -15"><span class='ocrx_word' id='word_1_222' title='bbox 313 2218 365 2255; x_wconf 90' lang='lat' dir='ltr'>Et</span> <span class='ocrx_word' id='word_1_223' title='bbox 394 2219 675 2269; x_wconf 87' lang='lat' dir='ltr'>quodcumque</span> <span class='ocrx_word' id='word_1_224' title='bbox 705 2221 754 2258; x_wconf 92' lang='lat' dir='ltr'>sit</span> <span class='ocrx_word' id='word_1_225' title='bbox 783 2221 859 2258; x_wconf 90' lang='lat' dir='ltr'>hoc</span> <span class='ocrx_word' id='word_1_226' title='bbox 888 2233 957 2270; x_wconf 85' lang='lat' dir='ltr'>per</span> <span class='ocrx_word' id='word_1_227' title='bbox 986 2233 1027 2258; x_wconf 89' lang='lat' dir='ltr'>se</span> <span class='ocrx_word' id='word_1_228' title='bbox 1056 2220 1166 2270; x_wconf 91' lang='lat' dir='ltr'>quod</span> <span class='ocrx_word' id='word_1_229' title='bbox 1195 2226 1297 2258; x_wconf 88' lang='lat' dir='ltr'>stare</span> <span class='ocrx_word' id='word_1_230' title='bbox 1325 2220 1516 2269; x_wconf 86' lang='lat' dir='ltr'>nequibit,</span> 
     </span>
    </p>

    <p class='ocr_par' dir='ltr' id='par_1_27' title="bbox 311 2283 1529 2399">
     <span class='ocr_line' id='line_1_33' title="bbox 311 2283 1292 2335; baseline 0.003 -15"><span class='ocrx_word' id='word_1_231' title='bbox 311 2283 373 2321; x_wconf 92' lang='lat' dir='ltr'>Ve</span> <span class='ocrx_word' id='word_1_232' title='bbox 401 2283 485 2331; x_wconf 87' lang='lat' dir='ltr'>sibi,</span> <span class='ocrx_word' id='word_1_233' title='bbox 517 2297 608 2322; x_wconf 88' lang='lat' dir='ltr'>nam</span> <span class='ocrx_word' id='word_1_234' title='bbox 639 2285 769 2323; x_wconf 88' lang='lat' dir='ltr'>subito</span> <span class='ocrx_word' id='word_1_235' title='bbox 797 2292 952 2323; x_wconf 86' lang='lat' dir='ltr'>corruet</span> <span class='ocrx_word' id='word_1_236' title='bbox 979 2285 1131 2335; x_wconf 86' lang='lat' dir='ltr'>absque</span> <span class='ocrx_word' id='word_1_237' title='bbox 1159 2285 1292 2323; x_wconf 91' lang='lat' dir='ltr'>modo.</span> 
     </span>
     <span class='ocr_line' id='line_1_34' title="bbox 366 2348 1529 2399; baseline 0.003 -15"><span class='ocrx_word' id='word_1_238' title='bbox 366 2348 497 2386; x_wconf 83' lang='lat' dir='ltr'>Testis</span> <span class='ocrx_word' id='word_1_239' title='bbox 527 2350 633 2386; x_wconf 89' lang='lat' dir='ltr'>enim</span> <span class='ocrx_word' id='word_1_240' title='bbox 663 2350 761 2388; x_wconf 90' lang='lat' dir='ltr'>deus</span> <span class='ocrx_word' id='word_1_241' title='bbox 790 2357 860 2397; x_wconf 83' lang='lat' dir='ltr'>est,</span> <span class='ocrx_word' id='word_1_242' title='bbox 892 2351 1029 2388; x_wconf 86' lang='lat' dir='ltr'>dicens</span> <span class='ocrx_word' id='word_1_243' title='bbox 1059 2351 1168 2399; x_wconf 91' lang='lat' dir='ltr'>quod</span> <span class='ocrx_word' id='word_1_244' title='bbox 1197 2362 1315 2399; x_wconf 85' lang='lat' dir='ltr'>regna</span> <span class='ocrx_word' id='word_1_245' title='bbox 1344 2350 1529 2399; x_wconf 89' lang='lat' dir='ltr'>peribunt</span> 
     </span>
    </p>

    <p class='ocr_par' dir='ltr' id='par_1_28' title="bbox 314 2412 1076 2464">
     <span class='ocr_line' id='line_1_35' title="bbox 314 2412 1076 2464; baseline 0.004 -15"><span class='ocrx_word' id='word_1_246' title='bbox 314 2412 363 2449; x_wconf 91' lang='lat' dir='ltr'>In</span> <span class='ocrx_word' id='word_1_247' title='bbox 393 2424 434 2450; x_wconf 86' lang='lat' dir='ltr'>se</span> <span class='ocrx_word' id='word_1_248' title='bbox 463 2413 601 2461; x_wconf 89' lang='lat' dir='ltr'>diuisa,</span> <span class='ocrx_word' id='word_1_249' title='bbox 632 2415 831 2464; x_wconf 90' lang='lat' dir='ltr'>credoque</span> <span class='ocrx_word' id='word_1_250' title='bbox 860 2416 965 2453; x_wconf 86' lang='lat' dir='ltr'>dicta</span> <span class='ocrx_word' id='word_1_251' title='bbox 994 2428 1076 2453; x_wconf 90' lang='lat' dir='ltr'>sua.</span> 
     </span>
    </p>

    <p class='ocr_par' dir='ltr' id='par_1_29' title="bbox 312 2477 1487 2530">
     <span class='ocr_line' id='line_1_36' title="bbox 312 2477 1487 2530; baseline 0.003 -17"><span class='ocrx_word' id='word_1_252' title='bbox 312 2477 417 2526; x_wconf 85' lang='lat' dir='ltr'>Ergo</span> <span class='ocrx_word' id='word_1_253' title='bbox 446 2478 578 2516; x_wconf 87' lang='lat' dir='ltr'>videre</span> <span class='ocrx_word' id='word_1_254' title='bbox 608 2487 759 2528; x_wconf 88' lang='lat' dir='ltr'>queunt</span> <span class='ocrx_word' id='word_1_255' title='bbox 788 2487 984 2530; x_wconf 85' lang='lat' dir='ltr'>quotquot</span> <span class='ocrx_word' id='word_1_256' title='bbox 1013 2480 1080 2529; x_wconf 91' lang='lat' dir='ltr'>qui</span> <span class='ocrx_word' id='word_1_257' title='bbox 1110 2492 1228 2529; x_wconf 84' lang='lat' dir='ltr'>regna</span> <span class='ocrx_word' id='word_1_258' title='bbox 1255 2478 1487 2529; x_wconf 84' lang='lat' dir='ltr'>gubernant,</span> 
     </span>
    </p>

    <p class='ocr_par' dir='ltr' id='par_1_30' title="bbox 312 2542 1187 2595">
     <span class='ocr_line' id='line_1_37' title="bbox 312 2542 1187 2595; baseline 0.005 -17"><span class='ocrx_word' id='word_1_259' title='bbox 312 2542 458 2580; x_wconf 88' lang='lat' dir='ltr'>Nostre</span> <span class='ocrx_word' id='word_1_260' title='bbox 487 2556 574 2592; x_wconf 90' lang='lat' dir='ltr'>pars</span> <span class='ocrx_word' id='word_1_261' title='bbox 603 2545 715 2582; x_wconf 88' lang='lat' dir='ltr'>sortis</span> <span class='ocrx_word' id='word_1_262' title='bbox 745 2546 915 2583; x_wconf 87' lang='lat' dir='ltr'>maxima</span> <span class='ocrx_word' id='word_1_263' title='bbox 943 2552 1093 2595; x_wconf 82' lang='lat' dir='ltr'>spectat</span> <span class='ocrx_word' id='word_1_264' title='bbox 1122 2545 1187 2583; x_wconf 90' lang='lat' dir='ltr'>eis.</span> 
     </span>
    </p>

    <p class='ocr_par' dir='ltr' id='par_1_31' title="bbox 314 2606 1301 2659">
     <span class='ocr_line' id='line_1_38' title="bbox 314 2606 1301 2659; baseline 0.003 -16"><span class='ocrx_word' id='word_1_265' title='bbox 314 2606 517 2656; x_wconf 90' lang='lat' dir='ltr'>Quicquid</span> <span class='ocrx_word' id='word_1_266' title='bbox 546 2608 713 2647; x_wconf 87' lang='lat' dir='ltr'>delirant</span> <span class='ocrx_word' id='word_1_267' title='bbox 741 2622 860 2659; x_wconf 86' lang='lat' dir='ltr'>reges,</span> <span class='ocrx_word' id='word_1_268' title='bbox 893 2611 1116 2659; x_wconf 88' lang='lat' dir='ltr'>plectuntur</span> <span class='ocrx_word' id='word_1_269' title='bbox 1145 2609 1301 2656; x_wconf 90' lang='lat' dir='ltr'>Achiui,</span> 
     </span>
    </p>

    <p class='ocr_par' dir='ltr' id='par_1_32' title="bbox 314 2672 1304 2721">
     <span class='ocr_line' id='line_1_39' title="bbox 314 2672 1304 2721; baseline 0 -10"><span class='ocrx_word' id='word_1_270' title='bbox 314 2672 418 2711; x_wconf 87' lang='lat' dir='ltr'>Nam</span> <span class='ocrx_word' id='word_1_271' title='bbox 447 2680 564 2721; x_wconf 85' lang='lat' dir='ltr'>caput</span> <span class='ocrx_word' id='word_1_272' title='bbox 593 2673 790 2712; x_wconf 87' lang='lat' dir='ltr'>infirmum</span> <span class='ocrx_word' id='word_1_273' title='bbox 821 2675 999 2713; x_wconf 89' lang='lat' dir='ltr'>membra</span> <span class='ocrx_word' id='word_1_274' title='bbox 1027 2674 1161 2713; x_wconf 90' lang='lat' dir='ltr'>dolere</span> <span class='ocrx_word' id='word_1_275' title='bbox 1190 2674 1304 2712; x_wconf 88' lang='lat' dir='ltr'>facit:</span> 
     </span>
    </p>
   </div>
   <div class='ocr_carea' id='block_1_6' title="bbox 210 2769 1661 2916">
    <p class='ocr_par' dir='ltr' id='par_1_33' title="bbox 210 2769 1661 2916">
     <span class='ocr_line' id='line_1_40' title="bbox 251 2769 1661 2811; baseline 0.002 -10"><span class='ocrx_word' id='word_1_276' title='bbox 251 2770 334 2810; x_wconf 86' lang='lat' dir='ltr'>Cap.</span> <span class='ocrx_word' id='word_1_277' title='bbox 363 2770 419 2801; x_wconf 89' lang='lat' dir='ltr'>vii.</span> <span class='ocrx_word' id='word_1_278' title='bbox 450 2769 610 2811; x_wconf 78' lang='lat' dir='ltr'>Headt&#39;ng</span> <span class='ocrx_word' id='word_1_279' title='bbox 631 2771 698 2809; x_wconf 82' lang='lat' dir='ltr'>5ff.</span> <span class='ocrx_word' id='word_1_280' title='bbox 732 2770 1174 2811; x_wconf 85' lang='lat' dir='ltr'>innoeenciam—excusat]</span> <span class='ocrx_word' id='word_1_281' title='bbox 1207 2771 1425 2810; x_wconf 88' lang='lat' dir='ltr'>omnipotens</span> <span class='ocrx_word' id='word_1_282' title='bbox 1456 2770 1514 2810; x_wconf 89' lang='lat' dir='ltr'>qui</span> <span class='ocrx_word' id='word_1_283' title='bbox 1540 2777 1661 2804; x_wconf 88' lang='lat' dir='ltr'>cuncta</span> 
     </span>
     <span class='ocr_line' id='line_1_41' title="bbox 210 2822 1332 2865; baseline 0 -12"><span class='ocrx_word' id='word_1_284' title='bbox 210 2822 374 2854; x_wconf 88' lang='lat' dir='ltr'>discernit</span> <span class='ocrx_word' id='word_1_285' title='bbox 390 2832 509 2853; x_wconf 86' lang='lat' dir='ltr'>causas</span> <span class='ocrx_word' id='word_1_286' title='bbox 525 2822 646 2853; x_wconf 89' lang='lat' dir='ltr'>melius</span> <span class='ocrx_word' id='word_1_287' title='bbox 663 2823 759 2854; x_wconf 91' lang='lat' dir='ltr'>nouit</span> <span class='ocrx_word' id='word_1_288' title='bbox 775 2824 804 2855; x_wconf 91' lang='lat' dir='ltr'>G</span> <span class='ocrx_word' id='word_1_289' title='bbox 824 2825 922 2863; x_wconf 82' lang='lat' dir='ltr'>(ras.)</span> <span class='ocrx_word' id='word_1_290' title='bbox 943 2824 973 2855; x_wconf 94' lang='lat' dir='ltr'>D</span> <span class='ocrx_word' id='word_1_291' title='bbox 1019 2823 1194 2865; x_wconf 78' lang='lat' dir='ltr'>&lt;Headz&#39;ng</span> <span class='ocrx_word' id='word_1_292' title='bbox 1207 2832 1271 2855; x_wconf 87' lang='lat' dir='ltr'>om.</span> <span class='ocrx_word' id='word_1_293' title='bbox 1292 2822 1332 2863; x_wconf 87' lang='lat' dir='ltr'>L)</span> 
     </span>
     <span class='ocr_line' id='line_1_42' title="bbox 251 2873 943 2916; baseline 0.003 -12"><span class='ocrx_word' id='word_1_294' title='bbox 251 2874 315 2913; x_wconf 87' lang='lat'>476</span> <span class='ocrx_word' id='word_1_295' title='bbox 337 2883 438 2913; x_wconf 88' lang='lat' dir='ltr'>quem</span> <span class='ocrx_word' id='word_1_296' title='bbox 456 2873 480 2905; x_wconf 90' lang='lat' dir='ltr'>S</span> <span class='ocrx_word' id='word_1_297' title='bbox 613 2884 677 2914; x_wconf 85' lang='lat'>493</span> <span class='ocrx_word' id='word_1_298' title='bbox 701 2874 753 2905; x_wconf 90' lang='lat' dir='ltr'>No</span> <span class='ocrx_word' id='word_1_299' title='bbox 763 2879 901 2916; x_wconf 85' lang='lat' dir='ltr'>paragr.</span> <span class='ocrx_word' id='word_1_300' title='bbox 919 2875 943 2906; x_wconf 92' lang='lat' dir='ltr'>S</span> 
     </span>
    </p>
   </div>
   <div class='ocr_carea' id='block_1_7' title="bbox 900 2941 970 2968">
    <p class='ocr_par' dir='ltr' id='par_1_34' title="bbox 900 2941 970 2968">
     <span class='ocr_line' id='line_1_43' title="bbox 900 2941 970 2968; baseline 0 0"><span class='ocrx_word' id='word_1_301' title='bbox 900 2941 970 2968; x_wconf 89' lang='lat' dir='ltr'>R2</span> 
     </span>
    </p>
   </div>
  </div>
 </body>
</html>
