2095 3173
415 209 490 248 152

885 194 1016 235 VOX
1058 193 1418 235 CLAMANTIS

520 303 637 341 Tales
668 301 698 340 si
729 301 816 352 quis
846 300 941 339 emit
970 302 1091 347 lucro,
1122 299 1369 337 frustrabitur
1398 299 1503 347 inde,

519 369 601 405 Aut
630 366 662 405 si
691 367 829 417 perdet
858 365 899 403 in
928 364 1003 403 hiis
1032 364 1105 403 scit
1134 364 1257 414 magis
1286 364 1370 414 ipse
1399 366 1508 402 deus.

522 434 616 471 Hoc
646 431 738 478 scio,
771 431 880 480 quod
910 443 1054 480 panem
1084 429 1152 479 qui
1181 429 1336 480 fregerit
1365 428 1561 476 esurienti,

523 497 646 537 Cuius
675 496 858 535 debilitas
888 502 946 534 est
975 495 1060 534 sine
1089 496 1227 533 fraude
1255 502 1407 545 patens,

524 562 604 612 Qui
633 562 763 600 nudos
793 560 929 612 operit,
961 560 1138 599 infirmos
1167 559 1308 608 visitat,
1340 560 1394 598 illi

525 627 733 666 Debentur
761 626 900 665 merita
928 640 999 677 pro
1029 626 1206 665 bonitate
1236 640 1333 665 sua:

524 694 591 731 Set
620 691 688 742 qui
717 699 809 730 sunt
838 693 968 739 fortes,
999 705 1180 742 vanaque
1209 692 1283 730 sub
1313 690 1462 730 ordinis
1491 691 1630 730 vmbra

524 757 765 808 Conspirant
793 756 971 807 requiem
1001 770 1120 807 quam
1151 756 1225 795 sibi
1254 757 1428 795 mundus
1457 757 1590 804 habet,
1807 763 1893 804 1670

525 825 638 862 Errat
665 836 734 861 eos
762 823 894 873 presul
923 835 1091 870 sacrans,
1122 829 1161 861 et
1189 835 1370 872 quosque
1398 823 1570 861 locando

525 890 642 927 Tales
671 890 723 928 de
751 887 892 927 merito
920 889 1085 939 perdere
1114 888 1222 927 dona
1249 895 1358 938 puto.

463 1058 541 1094 Hic
576 1060 738 1094 tractat
772 1068 958 1100 causam,
994 1068 1124 1102 quare
1158 1057 1311 1093 accidit
1346 1056 1455 1101 quod
1489 1056 1598 1099 laici,
1634 1055 1757 1100 quasi
1794 1055 1897 1090 iuris

417 1117 553 1160 amici,
608 1117 770 1153 luxurie
826 1117 1152 1162 presbiterorum
1209 1116 1552 1152 consuetudinem
1608 1115 1896 1154 abhorrentes,

416 1186 509 1211 eam
535 1176 786 1212 multociens
812 1176 1078 1220 castigantes
1104 1176 1295 1220 grauiter
1320 1176 1525 1219 affligunt.

264 1260 394 1307 (japm.
418 1257 503 1295 xxii.

593 1258 688 1296 Hoc
717 1257 812 1296 dicit
841 1258 979 1305 clerus,
1011 1258 1132 1307 quod,
1163 1255 1346 1307 quamuis
1375 1255 1539 1294 crimine
1568 1256 1709 1306 plenus

529 1322 597 1371 Sit,
629 1336 710 1362 non
741 1330 799 1362 est
827 1322 916 1361 laici
946 1336 1094 1373 ponere
1123 1322 1273 1361 crimen
1303 1321 1338 1361 ei
1355 1336 1366 1370 3

530 1389 642 1427 Alter
671 1395 709 1427 et
737 1387 895 1426 alterius
925 1387 1018 1427 cleri
1047 1394 1210 1438 peccata
1240 1389 1375 1426 fauore

536 1456 719 1501 Excusat,
751 1455 860 1504 quod
890 1453 930 1491 in
960 1453 1034 1491 hiis
1064 1460 1140 1492 stat
1169 1453 1254 1492 sine
1283 1454 1369 1504 lege
1399 1465 1500 1491 reus,

534 1521 628 1558 Non
656 1518 832 1557 accusari
861 1520 944 1557 vult
972 1532 996 1556 a
1024 1518 1143 1566 laicis,
1176 1526 1309 1557 tamen
1339 1517 1426 1556 illos

532 1587 716 1632 Accusat,
749 1598 828 1635 que
856 1584 931 1623 sibi
960 1584 1083 1623 libera
1111 1585 1220 1623 frena
1248 1583 1358 1635 petit.

535 1650 678 1689 Libera
707 1657 798 1689 sunt
827 1649 919 1689 ideo
947 1657 1111 1700 peccata
1139 1649 1343 1700 placencia
1371 1651 1488 1697 clero,

534 1715 592 1755 Sit
620 1715 695 1754 nisi
725 1717 833 1766 quod
862 1715 951 1754 laici
980 1715 1064 1754 iura
1092 1717 1265 1754 ferantur
1293 1714 1358 1753 ibi.
1818 1719 1904 1751 1680

536 1781 733 1820 Presbiter
761 1781 950 1832 insipiens
980 1783 1173 1832 populum
1203 1780 1295 1819 facit
1324 1779 1588 1830 insipientem,

539 1848 589 1885 Et
619 1848 723 1885 mala
753 1848 877 1885 multa
905 1846 1006 1896 parit
1035 1845 1103 1897 qui
1132 1846 1239 1885 bona
1267 1859 1394 1896 pauca
1423 1844 1548 1896 sapit:

538 1913 676 1952 Clerus
705 1913 791 1963 lege
820 1925 957 1950 carens
986 1913 1179 1963 populum
1209 1913 1277 1951 dat
1305 1913 1391 1962 lege
1420 1917 1630 1957 carentem,

538 1977 602 2017 Sic
631 1985 741 2029 parat
770 1985 809 2016 et
837 1990 998 2016 causam
1027 1977 1219 2027 presbiter
1248 1976 1331 2028 ipse
1361 1990 1498 2015 suam:

540 2044 645 2082 Nam
675 2042 768 2093 quia
796 2045 882 2093 lege
910 2050 1016 2081 caret
1044 2042 1177 2091 laicus,
1210 2042 1294 2081 sine
1322 2044 1408 2093 lege
1437 2048 1707 2080 manentem

541 2110 701 2159 Ignorat
729 2109 889 2156 clerum,
920 2121 1042 2158 quem
1071 2108 1179 2147 videt
1207 2121 1293 2147 esse
1322 2122 1444 2146 reum.

540 2173 581 2213 Si
609 2175 709 2212 foret
737 2180 776 2212 et
805 2173 961 2224 sapiens
990 2175 1128 2221 clerus,
1159 2172 1359 2223 sapiencia
1386 2172 1514 2223 plebis

541 2240 679 2286 Staret,
708 2246 750 2276 vt
778 2237 818 2276 in
847 2240 933 2288 lege
961 2245 1108 2288 perstet
1136 2245 1300 2288 vterque
1329 2237 1445 2276 simul
1459 2252 1470 2286 3

541 2305 609 2343 Set
638 2303 731 2354 quia
758 2303 836 2342 iam
866 2303 962 2342 fatui
990 2310 1099 2353 patet
1127 2302 1360 2353 insipiencia
1388 2302 1492 2351 cleri,

543 2368 770 2419 Despicitur
798 2368 877 2406 vita
905 2367 1135 2418 desipientis
1164 2367 1228 2406 ita.
1825 2373 1909 2416 1690

595 2434 780 2473 Pluribus
810 2433 998 2484 exemplis
1027 2440 1166 2471 natura
1195 2433 1304 2471 iuuat
1333 2432 1545 2481 racionem,

544 2499 720 2539 Doccius
749 2501 854 2538 vnde
883 2512 999 2538 suum
1028 2498 1212 2537 iudiciale
1241 2505 1357 2549 regat.

546 2565 657 2604 Hinc
686 2572 745 2604 est
775 2566 885 2615 quod
914 2564 1070 2603 latitans
1099 2564 1210 2603 bubo
1239 2563 1337 2602 lucis
1366 2563 1479 2602 iubar
1507 2563 1602 2612 odit,

547 2632 692 2669 Escam
721 2630 886 2680 vestigat
915 2637 1044 2678 nocte,
1076 2636 1229 2668 veretur
1256 2642 1376 2668 aues:

548 2697 597 2734 In
627 2709 746 2746 quam
776 2697 875 2734 forte
903 2709 1037 2746 greges
1065 2694 1200 2733 auium
1230 2694 1261 2733 si
1290 2694 1440 2734 lumina
1469 2696 1600 2746 figant,

549 2761 851 2800 Conelamando
879 2762 1013 2800 volant
1042 2767 1080 2799 et
1109 2759 1296 2798 laniando
1325 2767 1470 2798 secant.

891 2861 974 2900 1695
1000 2859 1028 2891 si
1045 2858 1320 2890 CEHGDLTH2
1365 2869 1426 2890 sua
1443 2859 1467 2890 S
