2095 3173
462 214 544 254 304

937 199 1067 241 VOX
1107 198 1467 240 CLAMANTIS

571 309 634 346 Tu
664 308 735 346 tibi
766 319 877 357 spem
906 319 1013 356 pone
1042 307 1143 344 sicut
1172 312 1329 355 oportet
1357 306 1446 355 agi:

570 375 625 412 Vt
653 374 809 423 sapiens
839 385 982 422 speres,
1014 371 1086 409 tibi
1115 372 1164 410 sit
1192 378 1260 409 tua
1289 383 1380 420 spes
1410 371 1665 415 moderanda,

573 440 670 478 Eius
700 438 849 477 habent
878 443 1017 475 sancto
1045 437 1154 475 frena
1183 437 1325 476 timore
1354 437 1445 486 regi.

574 506 667 543 Non
697 504 815 541 timor
843 503 1017 550 excedat,
1049 515 1130 552 quo
1159 503 1389 552 desperacio
1419 509 1592 540 mentem

572 570 738 616 Polluat,
770 569 894 607 immo
923 568 1044 607 deum
1074 568 1217 606 mentis
1246 580 1381 606 amore
1410 568 1529 606 time:
1855 582 1939 614 1150

571 636 660 674 Nec
689 647 779 685 spes
810 642 1021 684 presumat,
1053 642 1111 673 set
1139 641 1246 673 amet
1275 634 1492 672 commixta
1521 634 1678 681 timore,

572 702 636 740 Sic
665 702 783 739 timor
811 707 870 739 est
899 701 1020 739 virtus
1050 713 1140 750 spes
1170 707 1209 738 et
1238 706 1400 749 vterque
1430 700 1545 738 salus.

572 768 640 806 Set
669 766 901 805 meditando
931 774 1065 804 tamen
1095 773 1163 804 tua
1191 778 1306 804 mens
1335 766 1386 804 de
1416 766 1495 804 fine
1523 777 1710 813 remorsa,

571 834 737 882 Semper
765 845 898 870 amara
926 833 1071 870 timens
1101 838 1231 881 speret
1259 830 1405 869 habere
1437 831 1567 870 bona:

571 899 761 937 Sanccius
791 905 830 936 vt
859 899 980 945 viuas‚
1013 909 1234 936 memorare
1263 897 1481 935 nouissima
1511 909 1678 947 semper,

574 965 733 1003 Ledunt
762 976 854 1002 narn
885 964 1011 1002 iacula
1039 963 1121 1001 visa
1150 970 1313 1012 perante
1340 963 1483 1000 minus.

573 1030 747 1080 Respice
777 1030 934 1077 cotidie,
965 1029 1102 1068 mortis
1132 1029 1226 1079 quia
1254 1036 1411 1079 tempus
1442 1029 1583 1067 adesse

574 1096 764 1143 Festinat,
795 1108 874 1145 que
903 1096 1020 1133 simul
1050 1107 1237 1145 prospera
1266 1102 1410 1133 cuncta
1439 1101 1536 1133 ruet.

511 1232 590 1268 Hic
607 1233 792 1276 loquitur
809 1233 918 1276 quod
936 1234 1036 1267 sunt
1052 1232 1178 1267 modo
1196 1232 1332 1275 pauci,
1351 1230 1420 1274 qui
1439 1232 1513 1265 aut
1531 1231 1704 1275 propter
1722 1229 1799 1264 celi
1820 1228 1939 1263 affec-

465 1295 553 1328 tum
580 1293 654 1326 aut
682 1292 873 1335 gehenne
898 1293 1053 1326 metum
1078 1291 1201 1325 huius
1225 1290 1315 1325 vite
1340 1290 1636 1333 voluptatibus
1665 1288 1942 1331 renunciant;

466 1353 533 1386 set
547 1360 798 1394 quecumque
813 1359 911 1385 caro
927 1350 1200 1394 concupiscit,
1214 1349 1327 1384 omni
1344 1349 1586 1393 postposita
1598 1347 1784 1390 racione,
1797 1347 1942 1381 arden-

468 1409 557 1444 cius
575 1409 774 1454 perficere
793 1410 1013 1443 conantur.

318 1491 449 1541 Capm.
470 1491 544 1529 xxi.

631 1490 712 1539 Qui
742 1489 816 1528 sibi
845 1502 1175 1536 commemorans,
1207 1495 1315 1538 puto,
1348 1489 1501 1538 singula
1530 1488 1724 1538 ponderat
1754 1499 1866 1537 eque,

575 1557 733 1596 Senciet
761 1568 784 1594 a
814 1557 893 1594 fine
921 1556 1066 1605 gaudia
1093 1568 1194 1593 vana
1222 1556 1331 1593 fore:
1859 1559 1942 1591 1160

576 1623 695 1660 Nunc
725 1629 859 1659 tamen
888 1634 912 1659 a
940 1621 1049 1659 viciis
1080 1627 1139 1659 est
1168 1619 1335 1669 quilibet
1364 1619 1591 1666 infatuatus,

576 1688 698 1736 Quod
728 1688 779 1725 de
809 1687 888 1725 fine
917 1698 990 1724 suo
1020 1686 1083 1724 vix
1111 1692 1352 1724 memoratur
1381 1685 1514 1723 homo.

576 1754 758 1803 Quisque
787 1765 903 1791 suurn
933 1765 1075 1802 corpus
1105 1752 1210 1796 colit,
1241 1758 1279 1790 et
1308 1751 1360 1789 de
1389 1752 1516 1789 carnis
1545 1764 1680 1790 amore

578 1819 747 1866 Gaudet,
779 1824 818 1856 et
848 1825 905 1856 est
934 1818 1067 1855 anime
1095 1829 1214 1854 causa
1242 1817 1378 1854 relicta
1406 1829 1504 1855 sue:

576 1886 713 1924 Gloria
742 1897 815 1922 nec
845 1884 918 1922 celi
948 1889 1102 1922 mentes
1133 1895 1263 1932 neque
1293 1895 1395 1932 pena
1424 1883 1609 1932 gehenne

576 1952 614 1988 A
643 1950 783 1989 mundi
812 1949 902 1988 labe
931 1949 1010 1987 iam
1039 1961 1226 1987 reuocare
1255 1956 1417 1998 queunt.

577 2017 641 2055 Sic
670 2029 772 2062 caro,
805 2016 861 2053 sic
890 2015 1050 2061 demon,
1083 2013 1138 2052 sic
1168 2014 1341 2052 mundus
1371 2012 1517 2063 vbique
1547 2014 1762 2052 modernos

579 2082 737 2128 Deuiat,
769 2088 809 2118 vt
839 2081 956 2119 Cristi
987 2080 1049 2117 vix
1079 2079 1176 2117 sciat
1204 2092 1305 2117 vnus
1335 2079 1431 2118 iter:

578 2148 650 2185 Est
678 2159 770 2184 caro
799 2158 878 2195 que
907 2145 1066 2194 fragilis,
1094 2145 1243 2182 demon
1272 2152 1463 2191 versutus,
1498 2144 1629 2193 iniqus

578 2211 770 2258 Mundus,
802 2211 842 2247 in
873 2211 949 2248 hoc
979 2210 1188 2247 hominum
1217 2216 1396 2258 tempore
1425 2221 1545 2259 regna
1565 2209 1725 2247 colunt:
1858 2222 1943 2257 1170

577 2278 629 2315 Et
659 2277 715 2314 sic
745 2276 858 2314 bruta
886 2275 999 2325 quasi
1028 2275 1127 2324 perit
1153 2274 1327 2312 humane
1356 2275 1524 2312 racionis

578 2343 724 2389 Virtus,
755 2341 852 2379 dum
881 2341 1026 2378 vicium
1055 2340 1229 2388 corporis
1257 2346 1345 2376 acta
1373 2339 1482 2388 regit.

635 2408 708 2445 Est
736 2407 859 2445 homo
889 2418 995 2443 nunc
1024 2405 1170 2443 animal
1199 2403 1340 2450 dicam,
1373 2412 1432 2442 set
1462 2417 1543 2442 non
1572 2403 1752 2452 racionis,

582 2474 692 2511 Dum
720 2472 817 2510 viuit
846 2471 949 2510 bruti
978 2469 1216 2508 condicione
1244 2469 1336 2518 pari.

583 2536 729 2576 Nescia
757 2537 947 2585 scripture
977 2535 1137 2573 brutum
1167 2540 1306 2571 natura
1335 2533 1541 2583 gubernat,

583 2601 731 2641 Iudicis
761 2601 964 2640 arbitrium
994 2613 1068 2639 nec
1097 2599 1264 2637 racionis
1293 2599 1436 2638 habet:

583 2668 655 2706 Est
684 2668 799 2717 igitur
827 2666 951 2705 brutis
981 2667 1102 2704 homo
1132 2665 1251 2714 peior,
1284 2665 1445 2713 quando
1474 2666 1654 2703 voluntas

584 2735 717 2772 Preter
747 2739 927 2770 naturam
956 2733 1038 2770 sola
1067 2731 1258 2781 gubernat
1288 2742 1391 2768 eum.

583 2798 782 2848 Corporis,
814 2798 915 2837 heu!
947 2796 1066 2836 virtus
1097 2808 1166 2846 per
1194 2796 1346 2845 singula
1376 2795 1553 2834 membra
1582 2796 1789 2834 revoluens

1060 2881 1140 2912 1151
1165 2871 1313 2904 comixta
1330 2871 1364 2903 H
