2095 3173
390 231 466 270 140

853 218 981 260 VOX
1023 216 1382 260 CLAMANTIS

494 326 560 363 Set
589 324 689 363 redit
717 323 757 362 in
786 323 919 362 vacuis
948 330 1139 362 euacuata
1166 335 1318 361 manus.

496 391 604 427 Dum
634 391 727 428 dare
756 390 837 426 vult
866 387 998 434 laicus,
1030 386 1205 437 precellit
1233 385 1524 436 Theologiam3

495 454 535 492 Si
564 455 634 493 des
664 455 771 492 dona
800 452 930 500 michi,
963 453 1071 491 dona
1099 452 1275 502 rependo
1304 450 1400 489 tibi:

495 520 666 565 Marcus,
700 519 898 565 Matheus,
931 518 1070 564 Lucas,
1103 516 1135 554 si
1163 517 1281 563 nulla,
1314 516 1525 561 Iohannes,

496 584 615 620 Dona
644 583 781 629 ferant,
813 583 984 632 perdunt
1013 594 1091 631 que
1121 580 1196 619 sibi
1225 581 1332 619 dona
1360 586 1527 630 petunt:

494 646 534 685 Si
563 646 694 685 veniat
722 647 891 684 famulus
922 645 1072 693 mundi,
1104 645 1207 695 viget
1236 644 1320 695 ipse
1349 651 1540 694 receptus,

495 711 535 750 Si
565 712 734 750 famulus
765 711 893 759 Cristi,
925 723 1045 750 nemo
1075 709 1269 748 ministrat
1298 708 1344 748 ei.

550 777 590 816 Si
619 777 750 816 veniat
777 790 936 828 pauper,
969 775 1091 814 musis
1119 775 1330 814 comitatus
1361 773 1541 820 Homeri,

496 843 547 880 Et
576 841 697 880 nichil
726 840 909 888 attulerit,
940 854 1090 891 pauper
1118 847 1158 878 vt
1186 847 1278 878 ante
1307 838 1432 877 redit:

497 906 536 946 Si
565 919 694 945 nouus
722 905 968 956 Augustinus
997 904 1052 943 ibi
1080 911 1240 955 peteret,
1270 916 1345 942 nec
1373 902 1536 941 haberet

495 973 617 1021 Quod
646 973 756 1011 daret
785 971 869 1021 ipse
897 970 1015 1021 prius,
1047 969 1207 1008 transiet
1234 969 1318 1019 ipse
1346 980 1478 1018 vagus.

496 1035 700 1077 Construit
727 1043 847 1086 atque
875 1035 968 1085 legit
996 1034 1129 1082 laicus,
1160 1034 1264 1073 bene
1292 1039 1435 1080 cantat,
1466 1031 1507 1070 in
1536 1044 1631 1070 auro
1645 1046 1655 1080 3

496 1101 536 1140 Si
565 1102 659 1140 dare
688 1100 865 1147 sufficiat,
897 1107 973 1138 stat
1002 1100 1105 1138 bene
1134 1096 1325 1149 quicquid
1354 1096 1443 1147 agit.

496 1165 634 1215 Qualis
665 1165 771 1204 enim
801 1164 925 1216 pietas
955 1165 1029 1203 hec
1059 1171 1117 1202 est
1146 1161 1357 1203 discernite
1386 1168 1550 1208 vosmet,

495 1232 576 1269 Aut
606 1229 637 1268 si
665 1229 819 1268 iusticia
847 1229 930 1268 iura
958 1228 1110 1268 tenebit
1137 1227 1201 1266 ita.

496 1294 537 1334 Si
566 1295 671 1333 labat
700 1293 866 1333 ecclesia
894 1293 1098 1333 declinans
1126 1294 1226 1331 forte
1254 1305 1325 1342 per
1353 1291 1459 1339 istos,

496 1361 683 1399 Summus
712 1373 800 1398 eam
829 1361 977 1398 releuet
1005 1360 1056 1398 de
1085 1358 1231 1409 pietate
1259 1370 1340 1405 sua,

497 1425 759 1464 Confundens
789 1425 945 1462 hereses
974 1431 1012 1462 et
1042 1436 1120 1474 que
1149 1429 1240 1461 sunt
1268 1421 1452 1461 scismata
1480 1422 1601 1468 tollat,

497 1490 561 1528 Ne
589 1489 677 1540 quis
707 1488 932 1529 Cristicolas
961 1489 1125 1540 perdere
1153 1487 1277 1538 possit
1305 1500 1426 1526 oues:

496 1553 714 1592 Vnanimes
742 1555 906 1592 redeant
933 1552 1016 1600 tibi,
1047 1560 1086 1591 te
1115 1551 1335 1599 miserante,
1365 1552 1602 1602 redemptor,

499 1619 612 1667 Quos
641 1631 727 1668 pax,
759 1630 858 1668 quos
887 1617 1022 1668 pietas,
1055 1629 1156 1667 quos
1185 1616 1277 1666 liget
1305 1629 1382 1654 vna
1411 1617 1520 1655 fides.

497 1681 734 1721 Anticristus
761 1689 850 1732 aget
879 1695 956 1732 que
986 1688 1078 1720 sunt
1105 1680 1299 1720 contraria
1328 1680 1470 1728 Cristo,

500 1748 635 1785 Mores
664 1747 897 1785 subuertens
927 1753 966 1785 et
994 1745 1141 1784 viciosa
1169 1747 1333 1784 fouens:

500 1810 647 1849 Nescio
677 1810 709 1849 si
737 1811 836 1849 forte
865 1812 1018 1849 mundo
1047 1809 1125 1848 iam
1154 1817 1314 1848 venerat
1342 1809 1426 1857 iste,

500 1875 596 1914 Eius
625 1875 732 1914 enim
760 1875 878 1914 video
906 1874 1074 1926 plurima
1101 1874 1212 1925 signa
1240 1875 1373 1913 modo.

500 1940 605 1979 Petri
634 1954 712 1991 que
741 1940 884 1980 titubat
913 1954 1058 1979 nauem
1087 1940 1193 1991 prius
1223 1939 1337 1991 erige,
1370 1939 1508 1987 Criste‚

502 2007 634 2055 Quam
663 2013 807 2057 pereat,
839 2018 913 2045 nec
942 2019 1030 2044 eam
1060 2007 1182 2044 fastus
1211 2005 1252 2044 in
1281 2005 1376 2044 orbe
1405 2013 1525 2044 voret.

1770 592 1854 624 1230

1775 1240 1859 1271 1240

440 2146 517 2181 Hic
548 2147 733 2190 loquitur
764 2147 989 2181 secundum
1021 2156 1238 2182 commune
1269 2147 1435 2188 dictum,
1470 2147 1649 2190 qualiter
1680 2146 1863 2182 honores

393 2205 435 2239 et
460 2214 546 2238 non
573 2214 703 2238 onera
727 2204 908 2247 prelacie
933 2204 1071 2247 plures
1097 2204 1314 2244 affectant,
1341 2214 1421 2247 quo
1446 2204 1584 2247 magis
1614 2204 1659 2238 in
1685 2204 1865 2240 ecclesia

392 2263 564 2296 cessant
589 2261 787 2303 virtutes,
813 2263 857 2297 et
880 2261 994 2296 vicia
1018 2261 1302 2305 multipliciter
1326 2264 1581 2297 accrescunt.

260 2344 390 2393 Capm.
413 2355 471 2380 xv.

558 2342 595 2381 O
624 2343 734 2389 deuS,
766 2354 885 2380 omne
913 2348 1021 2392 patet
1049 2341 1121 2380 tibi
1150 2354 1218 2380 cor
1245 2341 1497 2392 loquiturque
1526 2343 1718 2390 voluntas,

505 2407 557 2444 Et
585 2413 735 2444 secreta
763 2413 832 2444 tuo
860 2405 1010 2444 lumine
1038 2407 1146 2443 nulla
1174 2407 1319 2445 latent:

503 2472 567 2508 Tu
596 2469 712 2518 nosti,
743 2470 917 2518 domine,
948 2472 1057 2521 quod
1086 2478 1278 2521 quantum
1308 2470 1426 2510 distat
1454 2471 1505 2510 ab
1535 2479 1622 2511 ortu

506 2534 606 2573 Solis
635 2534 676 2573 in
706 2548 892 2574 occasum
921 2537 1054 2586 regula
1081 2535 1207 2586 prima
1235 2535 1343 2586 fugit.

508 2601 601 2649 Ipsa
629 2600 727 2639 fides
756 2613 934 2650 operans,
965 2613 1086 2650 quam
1115 2608 1156 2638 tu
1185 2601 1361 2651 plantare
1389 2601 1550 2640 volebas

509 2663 581 2701 Est
609 2663 721 2713 quasi
749 2665 799 2703 de
828 2666 933 2703 clero
960 2663 1201 2715 preuaricata
1230 2666 1375 2704 modo:

510 2729 577 2766 Ius
607 2730 716 2779 quod
745 2737 826 2768 erat
856 2729 973 2769 Cristi
1002 2731 1174 2769 mundus
1204 2729 1288 2769 sine
1317 2729 1399 2769 iure
1427 2730 1598 2779 resoluit,

509 2793 764 2843 Prelatosque
793 2807 921 2833 nouos
949 2794 1132 2833 vendicat
1160 2794 1243 2844 ipse
1272 2807 1375 2833 suos.

510 2858 670 2897 Nomen
698 2858 803 2897 enim
833 2858 958 2898 sancti
985 2866 1164 2899 sanctum
1195 2872 1276 2898 non
1305 2859 1433 2908 efficit,
1463 2859 1586 2899 immo

1782 2801 1867 2833 1260

2020 0 2028 43 ι..-

2032 791 2033 797 ᾼ
2020 393 2033 731 „-2-.„³--—·;-=;‘--
2025 324 2031 386 aa.)
