<?xml version="1.0" encoding="UTF-8"?>
<!DOCTYPE html PUBLIC "-//W3C//DTD XHTML 1.0 Transitional//EN"
    "http://www.w3.org/TR/xhtml1/DTD/xhtml1-transitional.dtd">
<html xmlns="http://www.w3.org/1999/xhtml" xml:lang="en" lang="en">
 <head>
  <title>
</title>
<meta http-equiv="Content-Type" content="text/html;charset=utf-8" />
  <meta name='ocr-system' content='tesseract 3.04.00' />
  <meta name='ocr-capabilities' content='ocr_page ocr_carea ocr_par ocr_line ocrx_word'/>
</head>
<body>
  <div class='ocr_page' id='page_1' title='image "./completeworksofj04gowe_0464.png"; bbox 0 0 2121 3173; ppageno 0'>
   <div class='ocr_carea' id='block_1_1' title="bbox 482 209 563 249">
    <p class='ocr_par' dir='ltr' id='par_1_1' title="bbox 482 209 563 249">
     <span class='ocr_line' id='line_1_1' title="bbox 482 209 563 249; baseline 0 -1"><span class='ocrx_word' id='word_1_1' title='bbox 482 209 563 249; x_wconf 86' lang='lat'>354</span> 
     </span>
    </p>
   </div>
   <div class='ocr_carea' id='block_1_2' title="bbox 128 1361 545 1490">
    <p class='ocr_par' dir='ltr' id='par_1_2' title="bbox 128 1361 545 1490">
     <span class='ocr_line' id='line_1_2' title="bbox 174 1361 544 1394; baseline 0.003 -2"><span class='ocrx_word' id='word_1_2' title='bbox 174 1361 335 1393; x_wconf 86' lang='lat' dir='ltr'>Salomon</span> <span class='ocrx_word' id='word_1_3' title='bbox 354 1373 361 1393; x_wconf 71' lang='grc' dir='ltr'>ε</span> <span class='ocrx_word' id='word_1_4' title='bbox 413 1362 544 1394; x_wconf 85' lang='lat' dir='ltr'>Memo-</span> 
     </span>
     <span class='ocr_line' id='line_1_3' title="bbox 128 1407 544 1446; baseline 0.007 -11"><span class='ocrx_word' id='word_1_5' title='bbox 128 1415 205 1436; x_wconf 85' lang='lat' dir='ltr'>rare</span> <span class='ocrx_word' id='word_1_6' title='bbox 227 1407 422 1446; x_wconf 82' lang='lat' dir='ltr'>nouissima,</span> <span class='ocrx_word' id='word_1_7' title='bbox 443 1412 478 1438; x_wconf 89' lang='lat' dir='ltr'>et</span> <span class='ocrx_word' id='word_1_8' title='bbox 496 1408 544 1437; x_wconf 89' lang='lat' dir='ltr'>in-</span> 
     </span>
     <span class='ocr_line' id='line_1_4' title="bbox 129 1452 545 1490; baseline 0.007 -11"><span class='ocrx_word' id='word_1_9' title='bbox 129 1454 285 1480; x_wconf 82' lang='lat' dir='ltr'>eternum</span> <span class='ocrx_word' id='word_1_10' title='bbox 299 1461 365 1481; x_wconf 84' lang='lat' dir='ltr'>non</span> <span class='ocrx_word' id='word_1_11' title='bbox 375 1452 545 1490; x_wconf 82' lang='lat' dir='ltr'>peccabis.</span> 
     </span>
    </p>
   </div>
   <div class='ocr_carea' id='block_1_3' title="bbox 128 1550 548 1712">
    <p class='ocr_par' dir='ltr' id='par_1_3' title="bbox 128 1550 548 1712">
     <span class='ocr_line' id='line_1_5' title="bbox 175 1550 545 1582; baseline 0.008 -3"><span class='ocrx_word' id='word_1_12' title='bbox 175 1550 290 1581; x_wconf 84' lang='lat' dir='ltr'><strong>Idem:</strong></span> <span class='ocrx_word' id='word_1_13' title='bbox 332 1550 456 1581; x_wconf 87' lang='lat' dir='ltr'>Omnia</span> <span class='ocrx_word' id='word_1_14' title='bbox 493 1551 545 1582; x_wconf 86' lang='lat' dir='ltr'>fac</span> 
     </span>
     <span class='ocr_line' id='line_1_6' title="bbox 129 1594 546 1633; baseline 0.007 -10"><span class='ocrx_word' id='word_1_15' title='bbox 129 1603 205 1623; x_wconf 85' lang='lat' dir='ltr'>cum</span> <span class='ocrx_word' id='word_1_16' title='bbox 238 1594 391 1633; x_wconf 87' lang='lat' dir='ltr'>consilio,</span> <span class='ocrx_word' id='word_1_17' title='bbox 427 1601 460 1626; x_wconf 90' lang='lat' dir='ltr'>et</span> <span class='ocrx_word' id='word_1_18' title='bbox 496 1596 546 1626; x_wconf 86' lang='lat' dir='ltr'>in-</span> 
     </span>
     <span class='ocr_line' id='line_1_7' title="bbox 129 1639 548 1679; baseline 0.007 -12"><span class='ocrx_word' id='word_1_19' title='bbox 129 1642 287 1668; x_wconf 87' lang='lat' dir='ltr'>eternum</span> <span class='ocrx_word' id='word_1_20' title='bbox 317 1648 386 1669; x_wconf 91' lang='lat' dir='ltr'>non</span> <span class='ocrx_word' id='word_1_21' title='bbox 414 1639 548 1679; x_wconf 88' lang='lat' dir='ltr'>penite-</span> 
     </span>
     <span class='ocr_line' id='line_1_8' title="bbox 128 1682 190 1712; baseline -0.016 0"><span class='ocrx_word' id='word_1_22' title='bbox 128 1682 190 1712; x_wconf 81' lang='lat' dir='ltr'>bis.</span> 
     </span>
    </p>
   </div>
   <div class='ocr_carea' id='block_1_4' title="bbox 571 2681 1336 2774">
    <p class='ocr_par' dir='ltr' id='par_1_4' title="bbox 571 2681 1336 2774">
     <span class='ocr_line' id='line_1_9' title="bbox 614 2681 1336 2724; baseline -0.001 -11"><span class='ocrx_word' id='word_1_23' title='bbox 614 2691 678 2721; x_wconf 86' lang='lat'>307</span> <span class='ocrx_word' id='word_1_24' title='bbox 701 2681 846 2723; x_wconf 86' lang='lat' dir='ltr'>Paragr.</span> <span class='ocrx_word' id='word_1_25' title='bbox 867 2681 921 2713; x_wconf 84' lang='lat' dir='ltr'>SE</span> <span class='ocrx_word' id='word_1_26' title='bbox 968 2692 1011 2712; x_wconf 86' lang='lat' dir='ltr'>no</span> <span class='ocrx_word' id='word_1_27' title='bbox 1021 2688 1162 2724; x_wconf 83' lang='lat' dir='ltr'><em>paragr.</em></span> <span class='ocrx_word' id='word_1_28' title='bbox 1179 2681 1336 2713; x_wconf 89' lang='lat' dir='ltr'>CHFLB</span> 
     </span>
     <span class='ocr_line' id='line_1_10' title="bbox 571 2733 1042 2774; baseline 0.006 -11"><span class='ocrx_word' id='word_1_29' title='bbox 571 2743 722 2774; x_wconf 85' lang='lat'><strong>312-321</strong></span> <span class='ocrx_word' id='word_1_30' title='bbox 753 2733 817 2766; x_wconf 86' lang='lat' dir='ltr'>Ten</span> <span class='ocrx_word' id='word_1_31' title='bbox 833 2733 916 2766; x_wconf 83' lang='lat' dir='ltr'>lines</span> <span class='ocrx_word' id='word_1_32' title='bbox 929 2745 996 2766; x_wconf 89' lang='lat' dir='ltr'>om.</span> <span class='ocrx_word' id='word_1_33' title='bbox 1016 2735 1042 2766; x_wconf 91' lang='lat' dir='ltr'>L</span> 
     </span>
    </p>
   </div>
   <div class='ocr_carea' id='block_1_5' title="bbox 791 193 1826 238">
    <p class='ocr_par' dir='ltr' id='par_1_5' title="bbox 791 193 1826 238">
     <span class='ocr_line' id='line_1_11' title="bbox 791 193 1826 238; baseline 0 -1"><span class='ocrx_word' id='word_1_34' title='bbox 791 194 1052 238; x_wconf 88' lang='lat' dir='ltr'><strong>CARMEN</strong></span> <span class='ocrx_word' id='word_1_35' title='bbox 1086 194 1292 236; x_wconf 89' lang='lat' dir='ltr'>SUPER</span> <span class='ocrx_word' id='word_1_36' title='bbox 1324 193 1696 237; x_wconf 90' lang='lat' dir='ltr'><strong>MULTIPLICI</strong></span> <span class='ocrx_word' id='word_1_37' title='bbox 1731 209 1826 237; x_wconf 75' lang='lat' dir='ltr'>ETc.</span> 
     </span>
    </p>
   </div>
   <div class='ocr_carea' id='block_1_6' title="bbox 673 299 1841 548">
    <p class='ocr_par' dir='ltr' id='par_1_6' title="bbox 673 299 1841 548">
     <span class='ocr_line' id='line_1_12' title="bbox 673 299 1841 352; baseline -0.001 -11"><span class='ocrx_word' id='word_1_38' title='bbox 673 303 740 341; x_wconf 88' lang='lat' dir='ltr'>Set</span> <span class='ocrx_word' id='word_1_39' title='bbox 770 301 863 352; x_wconf 85' lang='lat' dir='ltr'>quia</span> <span class='ocrx_word' id='word_1_40' title='bbox 892 314 997 340; x_wconf 92' lang='lat' dir='ltr'>mors</span> <span class='ocrx_word' id='word_1_41' title='bbox 1027 299 1197 339; x_wconf 90' lang='lat' dir='ltr'>dubium</span> <span class='ocrx_word' id='word_1_42' title='bbox 1226 299 1431 339; x_wconf 87' lang='lat' dir='ltr'>concludit</span> <span class='ocrx_word' id='word_1_43' title='bbox 1459 301 1511 340; x_wconf 90' lang='lat' dir='ltr'>ad</span> <span class='ocrx_word' id='word_1_44' title='bbox 1541 300 1677 339; x_wconf 86' lang='lat' dir='ltr'>omnia</span> <span class='ocrx_word' id='word_1_45' title='bbox 1704 302 1841 350; x_wconf 88' lang='lat' dir='ltr'>finem,</span> 
     </span>
     <span class='ocr_line' id='line_1_13' title="bbox 676 366 1673 416; baseline -0.002 -10"><span class='ocrx_word' id='word_1_46' title='bbox 676 369 747 406; x_wconf 85' lang='lat' dir='ltr'>Est</span> <span class='ocrx_word' id='word_1_47' title='bbox 777 366 900 405; x_wconf 84' lang='lat' dir='ltr'>nichil</span> <span class='ocrx_word' id='word_1_48' title='bbox 929 366 994 405; x_wconf 90' lang='lat' dir='ltr'>hic</span> <span class='ocrx_word' id='word_1_49' title='bbox 1023 372 1176 404; x_wconf 89' lang='lat' dir='ltr'>certum</span> <span class='ocrx_word' id='word_1_50' title='bbox 1204 372 1334 416; x_wconf 92' lang='lat' dir='ltr'>preter</span> <span class='ocrx_word' id='word_1_51' title='bbox 1363 378 1495 405; x_wconf 88' lang='lat' dir='ltr'>amare</span> <span class='ocrx_word' id='word_1_52' title='bbox 1524 367 1673 404; x_wconf 92' lang='lat' dir='ltr'>deum:</span> 
     </span>
     <span class='ocr_line' id='line_1_14' title="bbox 677 430 1750 481; baseline 0 -11"><span class='ocrx_word' id='word_1_53' title='bbox 677 433 816 471; x_wconf 89' lang='lat' dir='ltr'>Rebus</span> <span class='ocrx_word' id='word_1_54' title='bbox 846 431 887 470; x_wconf 91' lang='lat' dir='ltr'>in</span> <span class='ocrx_word' id='word_1_55' title='bbox 917 431 1102 470; x_wconf 86' lang='lat' dir='ltr'>humanis</span> <span class='ocrx_word' id='word_1_56' title='bbox 1133 444 1291 481; x_wconf 79' lang='lat' dir='ltr'><strong>semper</strong></span> <span class='ocrx_word' id='word_1_57' title='bbox 1319 430 1418 481; x_wconf 89' lang='lat' dir='ltr'>quid</span> <span class='ocrx_word' id='word_1_58' title='bbox 1446 431 1592 479; x_wconf 91' lang='lat' dir='ltr'>deficit,</span> <span class='ocrx_word' id='word_1_59' title='bbox 1625 439 1664 471; x_wconf 91' lang='lat' dir='ltr'>et</span> <span class='ocrx_word' id='word_1_60' title='bbox 1693 431 1750 470; x_wconf 92' lang='lat' dir='ltr'>sic</span> 
     </span>
     <span class='ocr_line' id='line_1_15' title="bbox 675 496 1530 548; baseline -0.001 -12"><span class='ocrx_word' id='word_1_61' title='bbox 675 499 757 536; x_wconf 90' lang='lat' dir='ltr'>Ista</span> <span class='ocrx_word' id='word_1_62' title='bbox 785 497 908 536; x_wconf 86' lang='lat' dir='ltr'>nichil</span> <span class='ocrx_word' id='word_1_63' title='bbox 937 498 1100 548; x_wconf 91' lang='lat' dir='ltr'>plenum</span> <span class='ocrx_word' id='word_1_64' title='bbox 1130 496 1256 535; x_wconf 91' lang='lat' dir='ltr'>fertile</span> <span class='ocrx_word' id='word_1_65' title='bbox 1285 496 1365 534; x_wconf 90' lang='lat' dir='ltr'>vita</span> <span class='ocrx_word' id='word_1_66' title='bbox 1394 503 1530 535; x_wconf 90' lang='lat' dir='ltr'>tenet:</span> 
     </span>
    </p>
   </div>
   <div class='ocr_carea' id='block_1_7' title="bbox 673 561 1923 614">
    <p class='ocr_par' dir='ltr' id='par_1_7' title="bbox 673 561 1923 614">
     <span class='ocr_line' id='line_1_16' title="bbox 673 561 1923 614; baseline 0.001 -13"><span class='ocrx_word' id='word_1_67' title='bbox 673 563 797 612; x_wconf 84' lang='lat' dir='ltr'>Quod</span> <span class='ocrx_word' id='word_1_68' title='bbox 826 561 899 601; x_wconf 87' lang='lat' dir='ltr'>tibi</span> <span class='ocrx_word' id='word_1_69' title='bbox 927 564 996 601; x_wconf 90' lang='lat' dir='ltr'>dat</span> <span class='ocrx_word' id='word_1_70' title='bbox 1025 561 1228 613; x_wconf 88' lang='lat' dir='ltr'>proprium</span> <span class='ocrx_word' id='word_1_71' title='bbox 1258 563 1444 609; x_wconf 88' lang='lat' dir='ltr'>mundus,</span> <span class='ocrx_word' id='word_1_72' title='bbox 1476 561 1549 601; x_wconf 92' lang='lat' dir='ltr'>tibi</span> <span class='ocrx_word' id='word_1_73' title='bbox 1578 561 1680 601; x_wconf 91' lang='lat' dir='ltr'>tollit</span> <span class='ocrx_word' id='word_1_74' title='bbox 1709 561 1751 602; x_wconf 92' lang='lat' dir='ltr'>id</span> <span class='ocrx_word' id='word_1_75' title='bbox 1779 561 1923 614; x_wconf 90' lang='lat' dir='ltr'>ipsum,</span> 
     </span>
    </p>
   </div>
   <div class='ocr_carea' id='block_1_8' title="bbox 672 626 1903 2637">
    <p class='ocr_par' dir='ltr' id='par_1_8' title="bbox 674 626 1602 678">
     <span class='ocr_line' id='line_1_17' title="bbox 674 626 1602 678; baseline 0 -12"><span class='ocrx_word' id='word_1_76' title='bbox 674 627 953 678; x_wconf 87' lang='lat' dir='ltr'>Deridensque</span> <span class='ocrx_word' id='word_1_77' title='bbox 982 635 1096 666; x_wconf 91' lang='lat' dir='ltr'>tuum</span> <span class='ocrx_word' id='word_1_78' title='bbox 1125 627 1269 678; x_wconf 86' lang='lat' dir='ltr'>linquit</span> <span class='ocrx_word' id='word_1_79' title='bbox 1298 626 1417 666; x_wconf 90' lang='lat' dir='ltr'>inane</span> <span class='ocrx_word' id='word_1_80' title='bbox 1448 628 1602 667; x_wconf 89' lang='lat' dir='ltr'>forum:</span> 
     </span>
    </p>

    <p class='ocr_par' dir='ltr' id='par_1_9' title="bbox 675 692 1734 743">
     <span class='ocr_line' id='line_1_18' title="bbox 675 692 1734 743; baseline 0 -12"><span class='ocrx_word' id='word_1_81' title='bbox 675 695 809 743; x_wconf 91' lang='lat' dir='ltr'>Quam</span> <span class='ocrx_word' id='word_1_82' title='bbox 838 693 945 743; x_wconf 92' lang='lat' dir='ltr'>prius</span> <span class='ocrx_word' id='word_1_83' title='bbox 975 692 1017 731; x_wconf 91' lang='lat' dir='ltr'>in</span> <span class='ocrx_word' id='word_1_84' title='bbox 1046 694 1168 731; x_wconf 90' lang='lat' dir='ltr'>finem</span> <span class='ocrx_word' id='word_1_85' title='bbox 1198 692 1339 732; x_wconf 89' lang='lat' dir='ltr'>mundi</span> <span class='ocrx_word' id='word_1_86' title='bbox 1369 693 1575 732; x_wconf 88' lang='lat' dir='ltr'>deuenerit</span> <span class='ocrx_word' id='word_1_87' title='bbox 1604 692 1734 741; x_wconf 91' lang='lat' dir='ltr'>huius,</span> 
     </span>
    </p>

    <p class='ocr_par' dir='ltr' id='par_1_10' title="bbox 676 757 1515 810">
     <span class='ocr_line' id='line_1_19' title="bbox 676 757 1515 810; baseline -0.001 -13"><span class='ocrx_word' id='word_1_88' title='bbox 676 760 798 797; x_wconf 89' lang='lat' dir='ltr'>Nulla</span> <span class='ocrx_word' id='word_1_89' title='bbox 826 766 958 810; x_wconf 90' lang='lat' dir='ltr'>potest</span> <span class='ocrx_word' id='word_1_90' title='bbox 987 766 1096 797; x_wconf 92' lang='lat' dir='ltr'>certo</span> <span class='ocrx_word' id='word_1_91' title='bbox 1125 771 1291 797; x_wconf 87' lang='lat' dir='ltr'>munere</span> <span class='ocrx_word' id='word_1_92' title='bbox 1320 757 1400 796; x_wconf 89' lang='lat' dir='ltr'>vita</span> <span class='ocrx_word' id='word_1_93' title='bbox 1428 758 1515 797; x_wconf 90' lang='lat' dir='ltr'>frui.</span> 
     </span>
    </p>

    <p class='ocr_par' dir='ltr' id='par_1_11' title="bbox 673 823 1885 876">
     <span class='ocr_line' id='line_1_20' title="bbox 673 823 1885 876; baseline 0.002 -14"><span class='ocrx_word' id='word_1_94' title='bbox 673 826 784 873; x_wconf 91' lang='lat' dir='ltr'>Heu,</span> <span class='ocrx_word' id='word_1_95' title='bbox 812 824 909 875; x_wconf 93' lang='lat' dir='ltr'>quid</span> <span class='ocrx_word' id='word_1_96' title='bbox 939 837 1035 875; x_wconf 85' lang='lat' dir='ltr'>opes</span> <span class='ocrx_word' id='word_1_97' title='bbox 1064 823 1208 874; x_wconf 88' lang='lat' dir='ltr'>opibus</span> <span class='ocrx_word' id='word_1_98' title='bbox 1237 825 1428 871; x_wconf 88' lang='lat' dir='ltr'>cumulas,</span> <span class='ocrx_word' id='word_1_99' title='bbox 1460 824 1528 874; x_wconf 89' lang='lat' dir='ltr'>qui</span> <span class='ocrx_word' id='word_1_100' title='bbox 1556 824 1714 876; x_wconf 87' lang='lat' dir='ltr'>propria</span> <span class='ocrx_word' id='word_1_101' title='bbox 1742 824 1885 876; x_wconf 90' lang='lat' dir='ltr'>queris,</span> 
     </span>
    </p>

    <p class='ocr_par' dir='ltr' id='par_1_12' title="bbox 672 889 1561 940">
     <span class='ocr_line' id='line_1_21' title="bbox 672 889 1561 940; baseline 0 -12"><span class='ocrx_word' id='word_1_102' title='bbox 672 891 778 929; x_wconf 89' lang='lat' dir='ltr'>Cum</span> <span class='ocrx_word' id='word_1_103' title='bbox 807 903 849 929; x_wconf 91' lang='lat' dir='ltr'>se</span> <span class='ocrx_word' id='word_1_104' title='bbox 878 903 998 929; x_wconf 91' lang='lat' dir='ltr'>nemo</span> <span class='ocrx_word' id='word_1_105' title='bbox 1028 897 1148 940; x_wconf 80' lang='lat' dir='ltr'>queat</span> <span class='ocrx_word' id='word_1_106' title='bbox 1176 889 1428 940; x_wconf 90' lang='lat' dir='ltr'>appropriare</span> <span class='ocrx_word' id='word_1_107' title='bbox 1457 889 1561 928; x_wconf 84' lang='lat' dir='ltr'>sibi?</span> 
     </span>
    </p>

    <p class='ocr_par' dir='ltr' id='par_1_13' title="bbox 673 955 1855 1006">
     <span class='ocr_line' id='line_1_22' title="bbox 673 955 1855 1006; baseline 0 -12"><span class='ocrx_word' id='word_1_108' title='bbox 673 958 798 995; x_wconf 89' lang='lat' dir='ltr'>Hunc</span> <span class='ocrx_word' id='word_1_109' title='bbox 827 955 943 1006; x_wconf 87' lang='lat' dir='ltr'>igitur</span> <span class='ocrx_word' id='word_1_110' title='bbox 971 957 1169 994; x_wconf 90' lang='lat' dir='ltr'>mundum</span> <span class='ocrx_word' id='word_1_111' title='bbox 1199 955 1292 1006; x_wconf 92' lang='lat' dir='ltr'>quia</span> <span class='ocrx_word' id='word_1_112' title='bbox 1319 957 1473 1006; x_wconf 92' lang='lat' dir='ltr'>perdes,</span> <span class='ocrx_word' id='word_1_113' title='bbox 1505 969 1626 1006; x_wconf 91' lang='lat' dir='ltr'>quere</span> <span class='ocrx_word' id='word_1_114' title='bbox 1654 957 1830 995; x_wconf 88' lang='lat' dir='ltr'>futurum</span> <span class='ocrx_word' id='word_1_115' title='bbox 1845 971 1855 1004; x_wconf 82' lang='lat'>,-</span> 
     </span>
    </p>

    <p class='ocr_par' dir='ltr' id='par_1_14' title="bbox 675 1021 1751 1138">
     <span class='ocr_line' id='line_1_23' title="bbox 675 1021 1669 1072; baseline 0 -13"><span class='ocrx_word' id='word_1_116' title='bbox 675 1022 747 1060; x_wconf 93' lang='lat' dir='ltr'>Est</span> <span class='ocrx_word' id='word_1_117' title='bbox 774 1021 887 1060; x_wconf 87' lang='lat' dir='ltr'>aliter</span> <span class='ocrx_word' id='word_1_118' title='bbox 916 1035 1087 1061; x_wconf 90' lang='lat' dir='ltr'>vacuum</span> <span class='ocrx_word' id='word_1_119' title='bbox 1117 1029 1274 1072; x_wconf 87' lang='lat' dir='ltr'>tempus</span> <span class='ocrx_word' id='word_1_120' title='bbox 1303 1029 1515 1072; x_wconf 83' lang='lat' dir='ltr'>Vtrumque</span> <span class='ocrx_word' id='word_1_121' title='bbox 1545 1029 1669 1060; x_wconf 88' lang='lat' dir='ltr'>tuum.</span> 
     </span>
     <span class='ocr_line' id='line_1_24' title="bbox 729 1087 1751 1138; baseline 0 -12"><span class='ocrx_word' id='word_1_122' title='bbox 729 1089 967 1126; x_wconf 90' lang='lat' dir='ltr'>Mammona</span> <span class='ocrx_word' id='word_1_123' title='bbox 995 1087 1176 1126; x_wconf 83' lang='lat' dir='ltr'>transibit</span> <span class='ocrx_word' id='word_1_124' title='bbox 1204 1095 1243 1126; x_wconf 94' lang='lat' dir='ltr'>et</span> <span class='ocrx_word' id='word_1_125' title='bbox 1272 1101 1391 1126; x_wconf 88' lang='lat' dir='ltr'>auara</span> <span class='ocrx_word' id='word_1_126' title='bbox 1419 1087 1567 1138; x_wconf 88' lang='lat' dir='ltr'>cupido</span> <span class='ocrx_word' id='word_1_127' title='bbox 1597 1087 1751 1138; x_wconf 81' lang='lat' dir='ltr'>peribit,</span> 
     </span>
    </p>

    <p class='ocr_par' dir='ltr' id='par_1_15' title="bbox 674 1153 1504 1202">
     <span class='ocr_line' id='line_1_25' title="bbox 674 1153 1504 1202; baseline 0.001 -11"><span class='ocrx_word' id='word_1_128' title='bbox 674 1154 723 1191; x_wconf 90' lang='lat' dir='ltr'>In</span> <span class='ocrx_word' id='word_1_129' title='bbox 753 1153 904 1193; x_wconf 87' lang='lat' dir='ltr'>cineres</span> <span class='ocrx_word' id='word_1_130' title='bbox 933 1153 1017 1202; x_wconf 87' lang='lat' dir='ltr'>ibit,</span> <span class='ocrx_word' id='word_1_131' title='bbox 1049 1167 1155 1192; x_wconf 90' lang='lat' dir='ltr'>mors</span> <span class='ocrx_word' id='word_1_132' title='bbox 1185 1161 1253 1192; x_wconf 88' lang='lat' dir='ltr'>tua</span> <span class='ocrx_word' id='word_1_133' title='bbox 1282 1155 1362 1192; x_wconf 88' lang='lat' dir='ltr'>fata</span> <span class='ocrx_word' id='word_1_134' title='bbox 1392 1153 1504 1201; x_wconf 84' lang='lat' dir='ltr'>bibit,</span> 
     </span>
    </p>

    <p class='ocr_par' dir='ltr' id='par_1_16' title="bbox 674 1217 1766 1270">
     <span class='ocr_line' id='line_1_26' title="bbox 674 1217 1766 1270; baseline -0.001 -13"><span class='ocrx_word' id='word_1_135' title='bbox 674 1221 829 1270; x_wconf 88' lang='lat' dir='ltr'>Pauper</span> <span class='ocrx_word' id='word_1_136' title='bbox 858 1220 909 1258; x_wconf 91' lang='lat' dir='ltr'>ab</span> <span class='ocrx_word' id='word_1_137' title='bbox 938 1220 1012 1258; x_wconf 92' lang='lat' dir='ltr'>hac</span> <span class='ocrx_word' id='word_1_138' title='bbox 1042 1219 1131 1267; x_wconf 68' lang='lat' dir='ltr'>vita,</span> <span class='ocrx_word' id='word_1_139' title='bbox 1164 1219 1220 1258; x_wconf 89' lang='lat' dir='ltr'>sic</span> <span class='ocrx_word' id='word_1_140' title='bbox 1248 1219 1444 1270; x_wconf 87' lang='lat' dir='ltr'>princeps,</span> <span class='ocrx_word' id='word_1_141' title='bbox 1476 1219 1532 1258; x_wconf 90' lang='lat' dir='ltr'>sic</span> <span class='ocrx_word' id='word_1_142' title='bbox 1561 1217 1766 1266; x_wconf 83' lang='lat' dir='ltr'>heremita,</span> 
     </span>
    </p>

    <p class='ocr_par' dir='ltr' id='par_1_17' title="bbox 673 1284 1546 1324">
     <span class='ocr_line' id='line_1_27' title="bbox 673 1284 1546 1324; baseline 0.001 -2"><span class='ocrx_word' id='word_1_143' title='bbox 673 1286 858 1323; x_wconf 83' lang='lat' dir='ltr'>Mortuus</span> <span class='ocrx_word' id='word_1_144' title='bbox 886 1286 938 1324; x_wconf 90' lang='lat' dir='ltr'>ad</span> <span class='ocrx_word' id='word_1_145' title='bbox 967 1285 1106 1324; x_wconf 90' lang='lat' dir='ltr'>merita</span> <span class='ocrx_word' id='word_1_146' title='bbox 1133 1285 1295 1324; x_wconf 86' lang='lat' dir='ltr'>transiet</span> <span class='ocrx_word' id='word_1_147' title='bbox 1324 1285 1454 1324; x_wconf 89' lang='lat' dir='ltr'>omnis</span> <span class='ocrx_word' id='word_1_148' title='bbox 1482 1284 1546 1323; x_wconf 89' lang='lat' dir='ltr'>ita.</span> 
     </span>
    </p>

    <p class='ocr_par' dir='ltr' id='par_1_18' title="bbox 673 1349 1884 1401">
     <span class='ocr_line' id='line_1_28' title="bbox 673 1349 1884 1401; baseline 0 -13"><span class='ocrx_word' id='word_1_149' title='bbox 673 1350 878 1401; x_wconf 85' lang='lat' dir='ltr'>Quicquid</span> <span class='ocrx_word' id='word_1_150' title='bbox 904 1352 1027 1390; x_wconf 87' lang='lat' dir='ltr'>homo</span> <span class='ocrx_word' id='word_1_151' title='bbox 1056 1351 1191 1399; x_wconf 84' lang='lat' dir='ltr'>voluit,</span> <span class='ocrx_word' id='word_1_152' title='bbox 1223 1364 1329 1390; x_wconf 85' lang='lat' dir='ltr'>mors</span> <span class='ocrx_word' id='word_1_153' title='bbox 1359 1350 1500 1389; x_wconf 89' lang='lat' dir='ltr'>mundi</span> <span class='ocrx_word' id='word_1_154' title='bbox 1530 1357 1675 1388; x_wconf 88' lang='lat' dir='ltr'>cuncta</span> <span class='ocrx_word' id='word_1_155' title='bbox 1703 1349 1884 1397; x_wconf 87' lang='lat' dir='ltr'>reuoluit,</span> 
     </span>
    </p>

    <p class='ocr_par' dir='ltr' id='par_1_19' title="bbox 674 1414 1724 1467">
     <span class='ocr_line' id='line_1_29' title="bbox 674 1414 1724 1467; baseline 0 -14"><span class='ocrx_word' id='word_1_156' title='bbox 674 1417 887 1466; x_wconf 91' lang='lat' dir='ltr'>Nemoque</span> <span class='ocrx_word' id='word_1_157' title='bbox 917 1416 1110 1464; x_wconf 89' lang='lat' dir='ltr'>dissoluit,</span> <span class='ocrx_word' id='word_1_158' title='bbox 1142 1415 1239 1467; x_wconf 91' lang='lat' dir='ltr'>quin</span> <span class='ocrx_word' id='word_1_159' title='bbox 1268 1416 1386 1455; x_wconf 89' lang='lat' dir='ltr'>morti</span> <span class='ocrx_word' id='word_1_160' title='bbox 1415 1415 1550 1455; x_wconf 88' lang='lat' dir='ltr'>debita</span> <span class='ocrx_word' id='word_1_161' title='bbox 1579 1414 1724 1454; x_wconf 86' lang='lat' dir='ltr'>soluit:</span> 
     </span>
    </p>

    <p class='ocr_par' dir='ltr' id='par_1_20' title="bbox 675 1480 1603 1532">
     <span class='ocr_line' id='line_1_30' title="bbox 675 1480 1603 1532; baseline 0.001 -13"><span class='ocrx_word' id='word_1_162' title='bbox 675 1482 766 1519; x_wconf 91' lang='lat' dir='ltr'>Hec</span> <span class='ocrx_word' id='word_1_163' title='bbox 795 1481 864 1531; x_wconf 90' lang='lat' dir='ltr'>qui</span> <span class='ocrx_word' id='word_1_164' title='bbox 894 1489 1027 1519; x_wconf 90' lang='lat' dir='ltr'>mente</span> <span class='ocrx_word' id='word_1_165' title='bbox 1056 1481 1162 1532; x_wconf 85' lang='lat' dir='ltr'>capit</span> <span class='ocrx_word' id='word_1_166' title='bbox 1189 1481 1344 1532; x_wconf 85' lang='lat' dir='ltr'>gaudia,</span> <span class='ocrx_word' id='word_1_167' title='bbox 1376 1494 1462 1519; x_wconf 90' lang='lat' dir='ltr'>raro</span> <span class='ocrx_word' id='word_1_168' title='bbox 1491 1480 1603 1531; x_wconf 87' lang='lat' dir='ltr'>sapit.</span> 
     </span>
    </p>

    <p class='ocr_par' dir='ltr' id='par_1_21' title="bbox 674 1545 1516 1596">
     <span class='ocr_line' id='line_1_31' title="bbox 674 1545 1516 1596; baseline -0.001 -12"><span class='ocrx_word' id='word_1_169' title='bbox 674 1547 742 1584; x_wconf 87' lang='lat' dir='ltr'>Set</span> <span class='ocrx_word' id='word_1_170' title='bbox 771 1545 846 1584; x_wconf 87' lang='lat' dir='ltr'>sibi</span> <span class='ocrx_word' id='word_1_171' title='bbox 874 1545 1024 1584; x_wconf 78' lang='lat' dir='ltr'>viuenti</span> <span class='ocrx_word' id='word_1_172' title='bbox 1053 1546 1122 1596; x_wconf 89' lang='lat' dir='ltr'>qui</span> <span class='ocrx_word' id='word_1_173' title='bbox 1151 1546 1318 1584; x_wconf 89' lang='lat' dir='ltr'>consilio</span> <span class='ocrx_word' id='word_1_174' title='bbox 1348 1546 1516 1596; x_wconf 88' lang='lat' dir='ltr'>sapienti</span> 
     </span>
    </p>

    <p class='ocr_par' dir='ltr' id='par_1_22' title="bbox 677 1610 1697 1662">
     <span class='ocr_line' id='line_1_32' title="bbox 677 1610 1697 1662; baseline -0.001 -13"><span class='ocrx_word' id='word_1_175' title='bbox 677 1610 876 1658; x_wconf 91' lang='lat' dir='ltr'>Prouidet,</span> <span class='ocrx_word' id='word_1_176' title='bbox 909 1611 1059 1662; x_wconf 86' lang='lat' dir='ltr'>ingenti</span> <span class='ocrx_word' id='word_1_177' title='bbox 1089 1611 1230 1650; x_wconf 86' lang='lat' dir='ltr'>merito</span> <span class='ocrx_word' id='word_1_178' title='bbox 1259 1613 1389 1662; x_wconf 90' lang='lat' dir='ltr'>placet</span> <span class='ocrx_word' id='word_1_179' title='bbox 1419 1610 1697 1661; x_wconf 86' lang='lat' dir='ltr'>omnipotenti.</span> 
     </span>
    </p>

    <p class='ocr_par' dir='ltr' id='par_1_23' title="bbox 677 1675 1855 1791">
     <span class='ocr_line' id='line_1_33' title="bbox 730 1675 1855 1727; baseline -0.001 -13"><span class='ocrx_word' id='word_1_180' title='bbox 730 1678 930 1727; x_wconf 90' lang='lat' dir='ltr'>Tempore</span> <span class='ocrx_word' id='word_1_181' title='bbox 960 1676 1133 1726; x_wconf 85' lang='lat' dir='ltr'>presenti</span> <span class='ocrx_word' id='word_1_182' title='bbox 1163 1690 1241 1726; x_wconf 93' lang='lat' dir='ltr'>que</span> <span class='ocrx_word' id='word_1_183' title='bbox 1270 1684 1362 1715; x_wconf 90' lang='lat' dir='ltr'>sunt</span> <span class='ocrx_word' id='word_1_184' title='bbox 1391 1678 1495 1714; x_wconf 85' lang='lat' dir='ltr'>mala</span> <span class='ocrx_word' id='word_1_185' title='bbox 1523 1675 1703 1726; x_wconf 87' lang='lat' dir='ltr'>proxima</span> <span class='ocrx_word' id='word_1_186' title='bbox 1730 1675 1855 1726; x_wconf 86' lang='lat' dir='ltr'>genti,</span> 
     </span>
     <span class='ocr_line' id='line_1_34' title="bbox 677 1741 1631 1791; baseline 0 -12"><span class='ocrx_word' id='word_1_187' title='bbox 677 1742 737 1780; x_wconf 88' lang='lat' dir='ltr'>Ex</span> <span class='ocrx_word' id='word_1_188' title='bbox 767 1743 884 1780; x_wconf 91' lang='lat' dir='ltr'>oculo</span> <span class='ocrx_word' id='word_1_189' title='bbox 914 1741 1024 1780; x_wconf 89' lang='lat' dir='ltr'>flenti</span> <span class='ocrx_word' id='word_1_190' title='bbox 1054 1743 1196 1780; x_wconf 85' lang='lat' dir='ltr'>Gower</span> <span class='ocrx_word' id='word_1_191' title='bbox 1225 1741 1331 1780; x_wconf 90' lang='lat' dir='ltr'>canit</span> <span class='ocrx_word' id='word_1_192' title='bbox 1359 1741 1433 1780; x_wconf 89' lang='lat' dir='ltr'>ista</span> <span class='ocrx_word' id='word_1_193' title='bbox 1462 1741 1631 1791; x_wconf 84' lang='lat' dir='ltr'>legenti:</span> 
     </span>
    </p>

    <p class='ocr_par' dir='ltr' id='par_1_24' title="bbox 676 1806 1715 1988">
     <span class='ocr_line' id='line_1_35' title="bbox 676 1806 1715 1857; baseline -0.001 -12"><span class='ocrx_word' id='word_1_194' title='bbox 676 1807 858 1857; x_wconf 84' lang='lat' dir='ltr'>Quisque</span> <span class='ocrx_word' id='word_1_195' title='bbox 888 1820 957 1845; x_wconf 91' lang='lat' dir='ltr'>sue</span> <span class='ocrx_word' id='word_1_196' title='bbox 986 1806 1111 1845; x_wconf 84' lang='lat' dir='ltr'>menti</span> <span class='ocrx_word' id='word_1_197' title='bbox 1141 1806 1209 1857; x_wconf 90' lang='lat' dir='ltr'>qui</span> <span class='ocrx_word' id='word_1_198' title='bbox 1238 1806 1413 1857; x_wconf 90' lang='lat' dir='ltr'>concipit</span> <span class='ocrx_word' id='word_1_199' title='bbox 1441 1820 1534 1845; x_wconf 87' lang='lat' dir='ltr'>aure</span> <span class='ocrx_word' id='word_1_200' title='bbox 1563 1806 1715 1857; x_wconf 90' lang='lat' dir='ltr'>patenti</span> 
     </span>
     <span class='ocr_line' id='line_1_36' title="bbox 677 1871 1706 1922; baseline -0.001 -12"><span class='ocrx_word' id='word_1_201' title='bbox 677 1872 823 1920; x_wconf 89' lang='lat' dir='ltr'>Mittat,</span> <span class='ocrx_word' id='word_1_202' title='bbox 855 1879 894 1910; x_wconf 95' lang='lat' dir='ltr'>et</span> <span class='ocrx_word' id='word_1_203' title='bbox 922 1871 1073 1922; x_wconf 83' lang='lat' dir='ltr'>argenti</span> <span class='ocrx_word' id='word_1_204' title='bbox 1102 1873 1170 1911; x_wconf 88' lang='lat' dir='ltr'>det</span> <span class='ocrx_word' id='word_1_205' title='bbox 1199 1886 1364 1911; x_wconf 89' lang='lat' dir='ltr'>munera</span> <span class='ocrx_word' id='word_1_206' title='bbox 1392 1873 1520 1922; x_wconf 84' lang='lat' dir='ltr'>largus</span> <span class='ocrx_word' id='word_1_207' title='bbox 1551 1871 1682 1922; x_wconf 88' lang='lat' dir='ltr'>egenti</span> <span class='ocrx_word' id='word_1_208' title='bbox 1696 1886 1706 1919; x_wconf 82' lang='lat'>3</span> 
     </span>
     <span class='ocr_line' id='line_1_37' title="bbox 677 1937 1551 1988; baseline 0 -13"><span class='ocrx_word' id='word_1_209' title='bbox 677 1938 761 1976; x_wconf 88' lang='lat' dir='ltr'>Stat</span> <span class='ocrx_word' id='word_1_210' title='bbox 790 1950 883 1975; x_wconf 91' lang='lat' dir='ltr'>nam</span> <span class='ocrx_word' id='word_1_211' title='bbox 913 1937 1088 1975; x_wconf 89' lang='lat' dir='ltr'>mortalis</span> <span class='ocrx_word' id='word_1_212' title='bbox 1118 1944 1220 1976; x_wconf 91' lang='lat' dir='ltr'>terra</span> <span class='ocrx_word' id='word_1_213' title='bbox 1248 1939 1398 1988; x_wconf 91' lang='lat' dir='ltr'>repleta</span> <span class='ocrx_word' id='word_1_214' title='bbox 1427 1937 1551 1976; x_wconf 90' lang='lat' dir='ltr'>malis.</span> 
     </span>
    </p>

    <p class='ocr_par' dir='ltr' id='par_1_25' title="bbox 675 2002 1738 2182">
     <span class='ocr_line' id='line_1_38' title="bbox 731 2002 1680 2053; baseline 0 -13"><span class='ocrx_word' id='word_1_215' title='bbox 731 2004 826 2041; x_wconf 91' lang='lat' dir='ltr'>Hoc</span> <span class='ocrx_word' id='word_1_216' title='bbox 855 2015 928 2052; x_wconf 88' lang='lat' dir='ltr'>ego</span> <span class='ocrx_word' id='word_1_217' title='bbox 957 2002 1018 2040; x_wconf 93' lang='lat' dir='ltr'>bis</span> <span class='ocrx_word' id='word_1_218' title='bbox 1047 2003 1154 2041; x_wconf 91' lang='lat' dir='ltr'>deno</span> <span class='ocrx_word' id='word_1_219' title='bbox 1184 2002 1346 2042; x_wconf 90' lang='lat' dir='ltr'>Ricardi</span> <span class='ocrx_word' id='word_1_220' title='bbox 1375 2002 1474 2053; x_wconf 85' lang='lat' dir='ltr'>regis</span> <span class='ocrx_word' id='word_1_221' title='bbox 1503 2002 1544 2040; x_wconf 92' lang='lat' dir='ltr'>in</span> <span class='ocrx_word' id='word_1_222' title='bbox 1573 2015 1680 2040; x_wconf 92' lang='lat' dir='ltr'>anno</span> 
     </span>
     <span class='ocr_line' id='line_1_39' title="bbox 677 2066 1738 2118; baseline -0.002 -11"><span class='ocrx_word' id='word_1_223' title='bbox 677 2067 944 2118; x_wconf 89' lang='lat' dir='ltr'>Compaciens</span> <span class='ocrx_word' id='word_1_224' title='bbox 973 2067 1108 2105; x_wconf 85' lang='lat' dir='ltr'>animo</span> <span class='ocrx_word' id='word_1_225' title='bbox 1138 2081 1297 2106; x_wconf 89' lang='lat' dir='ltr'>carmen</span> <span class='ocrx_word' id='word_1_226' title='bbox 1326 2067 1568 2107; x_wconf 86' lang='lat' dir='ltr'>lacrimabile</span> <span class='ocrx_word' id='word_1_227' title='bbox 1597 2066 1738 2105; x_wconf 89' lang='lat' dir='ltr'>scribo.</span> 
     </span>
     <span class='ocr_line' id='line_1_40' title="bbox 675 2132 1704 2182; baseline 0 -12"><span class='ocrx_word' id='word_1_228' title='bbox 675 2134 766 2170; x_wconf 86' lang='lat' dir='ltr'>Vox</span> <span class='ocrx_word' id='word_1_229' title='bbox 795 2140 909 2170; x_wconf 86' lang='lat' dir='ltr'>sonat</span> <span class='ocrx_word' id='word_1_230' title='bbox 938 2132 978 2169; x_wconf 91' lang='lat' dir='ltr'>in</span> <span class='ocrx_word' id='word_1_231' title='bbox 1007 2134 1167 2182; x_wconf 88' lang='lat' dir='ltr'>populo,</span> <span class='ocrx_word' id='word_1_232' title='bbox 1200 2133 1293 2171; x_wconf 87' lang='lat' dir='ltr'>fidei</span> <span class='ocrx_word' id='word_1_233' title='bbox 1322 2132 1401 2171; x_wconf 87' lang='lat' dir='ltr'>iam</span> <span class='ocrx_word' id='word_1_234' title='bbox 1430 2132 1564 2171; x_wconf 88' lang='lat' dir='ltr'>deficit</span> <span class='ocrx_word' id='word_1_235' title='bbox 1593 2133 1704 2179; x_wconf 86' lang='lat' dir='ltr'>ordo,</span> 
     </span>
    </p>

    <p class='ocr_par' dir='ltr' id='par_1_26' title="bbox 676 2196 1705 2246">
     <span class='ocr_line' id='line_1_41' title="bbox 676 2196 1705 2246; baseline 0.001 -12"><span class='ocrx_word' id='word_1_236' title='bbox 676 2198 796 2235; x_wconf 89' lang='lat' dir='ltr'>Vnde</span> <span class='ocrx_word' id='word_1_237' title='bbox 825 2196 949 2246; x_wconf 85' lang='lat' dir='ltr'>magis</span> <span class='ocrx_word' id='word_1_238' title='bbox 980 2196 1096 2235; x_wconf 88' lang='lat' dir='ltr'>solito</span> <span class='ocrx_word' id='word_1_239' title='bbox 1126 2206 1253 2235; x_wconf 87' lang='lat' dir='ltr'>cessat</span> <span class='ocrx_word' id='word_1_240' title='bbox 1282 2199 1367 2236; x_wconf 89' lang='lat' dir='ltr'>laus</span> <span class='ocrx_word' id='word_1_241' title='bbox 1397 2197 1533 2236; x_wconf 86' lang='lat' dir='ltr'>debita</span> <span class='ocrx_word' id='word_1_242' title='bbox 1563 2196 1705 2243; x_wconf 90' lang='lat' dir='ltr'>Cristo‚</span> 
     </span>
    </p>

    <p class='ocr_par' dir='ltr' id='par_1_27' title="bbox 680 2261 1760 2312">
     <span class='ocr_line' id='line_1_42' title="bbox 680 2261 1760 2312; baseline 0.001 -13"><span class='ocrx_word' id='word_1_243' title='bbox 680 2264 813 2311; x_wconf 87' lang='lat' dir='ltr'>Quem</span> <span class='ocrx_word' id='word_1_244' title='bbox 842 2261 994 2312; x_wconf 89' lang='lat' dir='ltr'>peperit</span> <span class='ocrx_word' id='word_1_245' title='bbox 1022 2261 1130 2312; x_wconf 86' lang='lat' dir='ltr'>virgo</span> <span class='ocrx_word' id='word_1_246' title='bbox 1159 2262 1337 2312; x_wconf 88' lang='lat' dir='ltr'>genitum</span> <span class='ocrx_word' id='word_1_247' title='bbox 1367 2264 1417 2302; x_wconf 95' lang='lat' dir='ltr'>de</span> <span class='ocrx_word' id='word_1_248' title='bbox 1447 2262 1606 2300; x_wconf 87' lang='lat' dir='ltr'>flamine</span> <span class='ocrx_word' id='word_1_249' title='bbox 1637 2275 1760 2300; x_wconf 86' lang='lat' dir='ltr'>sacro.</span> 
     </span>
    </p>

    <p class='ocr_par' dir='ltr' id='par_1_28' title="bbox 678 2326 1903 2442">
     <span class='ocr_line' id='line_1_43' title="bbox 678 2326 1903 2378; baseline 0.001 -13"><span class='ocrx_word' id='word_1_250' title='bbox 678 2326 760 2365; x_wconf 91' lang='lat' dir='ltr'>Hic</span> <span class='ocrx_word' id='word_1_251' title='bbox 790 2328 888 2366; x_wconf 91' lang='lat' dir='ltr'>deus</span> <span class='ocrx_word' id='word_1_252' title='bbox 919 2334 977 2365; x_wconf 93' lang='lat' dir='ltr'>est</span> <span class='ocrx_word' id='word_1_253' title='bbox 1006 2334 1045 2365; x_wconf 88' lang='lat' dir='ltr'>et</span> <span class='ocrx_word' id='word_1_254' title='bbox 1073 2328 1208 2374; x_wconf 89' lang='lat' dir='ltr'>homo,</span> <span class='ocrx_word' id='word_1_255' title='bbox 1239 2329 1413 2377; x_wconf 89' lang='lat' dir='ltr'>perfecta</span> <span class='ocrx_word' id='word_1_256' title='bbox 1443 2329 1547 2365; x_wconf 87' lang='lat' dir='ltr'>salus</span> <span class='ocrx_word' id='word_1_257' title='bbox 1578 2335 1712 2366; x_wconf 89' lang='lat' dir='ltr'>manet</span> <span class='ocrx_word' id='word_1_258' title='bbox 1741 2326 1782 2366; x_wconf 90' lang='lat' dir='ltr'>in</span> <span class='ocrx_word' id='word_1_259' title='bbox 1811 2340 1903 2378; x_wconf 89' lang='lat' dir='ltr'>quo,</span> 
     </span>
     <span class='ocr_line' id='line_1_44' title="bbox 678 2391 1558 2442; baseline 0.001 -13"><span class='ocrx_word' id='word_1_260' title='bbox 678 2391 774 2430; x_wconf 91' lang='lat' dir='ltr'>Eius</span> <span class='ocrx_word' id='word_1_261' title='bbox 804 2392 855 2430; x_wconf 92' lang='lat' dir='ltr'>ab</span> <span class='ocrx_word' id='word_1_262' title='bbox 884 2391 1051 2442; x_wconf 89' lang='lat' dir='ltr'>imperio</span> <span class='ocrx_word' id='word_1_263' title='bbox 1080 2391 1271 2442; x_wconf 88' lang='lat' dir='ltr'>processit</span> <span class='ocrx_word' id='word_1_264' title='bbox 1300 2392 1408 2442; x_wconf 90' lang='lat' dir='ltr'>pacis</span> <span class='ocrx_word' id='word_1_265' title='bbox 1438 2392 1558 2442; x_wconf 84' lang='lat' dir='ltr'>origo,</span> 
     </span>
    </p>

    <p class='ocr_par' dir='ltr' id='par_1_29' title="bbox 678 2456 1749 2507">
     <span class='ocr_line' id='line_1_45' title="bbox 678 2456 1749 2507; baseline 0.001 -12"><span class='ocrx_word' id='word_1_266' title='bbox 678 2458 768 2506; x_wconf 88' lang='lat' dir='ltr'>Que</span> <span class='ocrx_word' id='word_1_267' title='bbox 797 2456 956 2496; x_wconf 89' lang='lat' dir='ltr'>dabitur</span> <span class='ocrx_word' id='word_1_268' title='bbox 984 2456 1099 2504; x_wconf 88' lang='lat' dir='ltr'>iusto,</span> <span class='ocrx_word' id='word_1_269' title='bbox 1131 2456 1293 2507; x_wconf 87' lang='lat' dir='ltr'>paciens</span> <span class='ocrx_word' id='word_1_270' title='bbox 1323 2456 1391 2507; x_wconf 87' lang='lat' dir='ltr'>qui</span> <span class='ocrx_word' id='word_1_271' title='bbox 1421 2457 1546 2496; x_wconf 88' lang='lat' dir='ltr'>credit</span> <span class='ocrx_word' id='word_1_272' title='bbox 1576 2456 1617 2494; x_wconf 90' lang='lat' dir='ltr'>in</span> <span class='ocrx_word' id='word_1_273' title='bbox 1647 2456 1749 2507; x_wconf 81' lang='lat' dir='ltr'>ipso.</span> 
     </span>
    </p>

    <p class='ocr_par' dir='ltr' id='par_1_30' title="bbox 677 2521 1708 2637">
     <span class='ocr_line' id='line_1_46' title="bbox 677 2521 1708 2572; baseline 0.001 -13"><span class='ocrx_word' id='word_1_274' title='bbox 677 2522 749 2560; x_wconf 91' lang='lat' dir='ltr'>Vir</span> <span class='ocrx_word' id='word_1_275' title='bbox 778 2521 846 2572; x_wconf 90' lang='lat' dir='ltr'>qui</span> <span class='ocrx_word' id='word_1_276' title='bbox 874 2523 957 2560; x_wconf 91' lang='lat' dir='ltr'>vult</span> <span class='ocrx_word' id='word_1_277' title='bbox 983 2521 1075 2560; x_wconf 92' lang='lat' dir='ltr'>ideo</span> <span class='ocrx_word' id='word_1_278' title='bbox 1104 2535 1244 2572; x_wconf 88' lang='lat' dir='ltr'>pacem</span> <span class='ocrx_word' id='word_1_279' title='bbox 1274 2535 1515 2572; x_wconf 89' lang='lat' dir='ltr'>componere</span> <span class='ocrx_word' id='word_1_280' title='bbox 1544 2523 1708 2569; x_wconf 88' lang='lat' dir='ltr'>mundo,</span> 
     </span>
     <span class='ocr_line' id='line_1_47' title="bbox 679 2585 1455 2637; baseline 0 -13"><span class='ocrx_word' id='word_1_281' title='bbox 679 2585 867 2628; x_wconf 87' lang='lat' dir='ltr'>Pacificet</span> <span class='ocrx_word' id='word_1_282' title='bbox 895 2586 1023 2637; x_wconf 90' lang='lat' dir='ltr'>primo</span> <span class='ocrx_word' id='word_1_283' title='bbox 1052 2586 1136 2624; x_wconf 90' lang='lat' dir='ltr'>iura</span> <span class='ocrx_word' id='word_1_284' title='bbox 1165 2587 1338 2625; x_wconf 86' lang='lat' dir='ltr'>tenenda</span> <span class='ocrx_word' id='word_1_285' title='bbox 1367 2587 1455 2625; x_wconf 89' lang='lat' dir='ltr'>deo.</span> 
     </span>
    </p>
   </div>
   <div class='ocr_carea' id='block_1_9' title="bbox 1986 580 2050 612">
    <p class='ocr_par' dir='ltr' id='par_1_31' title="bbox 1986 580 2050 612">
     <span class='ocr_line' id='line_1_48' title="bbox 1986 580 2050 612; baseline -0.016 -11"><span class='ocrx_word' id='word_1_286' title='bbox 1986 580 2050 612; x_wconf 92' lang='lat'>290</span> 
     </span>
    </p>
   </div>
   <div class='ocr_carea' id='block_1_10' title="bbox 1984 1235 2051 1267">
    <p class='ocr_par' dir='ltr' id='par_1_32' title="bbox 1984 1235 2051 1267">
     <span class='ocr_line' id='line_1_49' title="bbox 1984 1235 2051 1267; baseline 0 -11"><span class='ocrx_word' id='word_1_287' title='bbox 1984 1235 2051 1267; x_wconf 84' lang='lat'>300</span> 
     </span>
    </p>
   </div>
   <div class='ocr_carea' id='block_1_11' title="bbox 1987 1887 2050 1918">
    <p class='ocr_par' dir='ltr' id='par_1_33' title="bbox 1987 1887 2050 1918">
     <span class='ocr_line' id='line_1_50' title="bbox 1987 1887 2050 1918; baseline 0 -9"><span class='ocrx_word' id='word_1_288' title='bbox 1987 1887 2050 1918; x_wconf 87' lang='lat'>310</span> 
     </span>
    </p>
   </div>
   <div class='ocr_carea' id='block_1_12' title="bbox 1983 2538 2047 2569">
    <p class='ocr_par' dir='ltr' id='par_1_34' title="bbox 1983 2538 2047 2569">
     <span class='ocr_line' id='line_1_51' title="bbox 1983 2538 2047 2569; baseline 0.016 -10"><span class='ocrx_word' id='word_1_289' title='bbox 1983 2538 2047 2569; x_wconf 81' lang='lat'>3²0</span> 
     </span>
    </p>
   </div>
   <div class='ocr_carea' id='block_1_13' title="bbox 1536 2679 2047 2723">
    <p class='ocr_par' dir='ltr' id='par_1_35' title="bbox 1536 2679 2047 2723">
     <span class='ocr_line' id='line_1_52' title="bbox 1536 2679 2047 2723; baseline 0 -11"><span class='ocrx_word' id='word_1_290' title='bbox 1536 2682 1638 2722; x_wconf 84' lang='lat' dir='ltr'>After</span> <span class='ocrx_word' id='word_1_291' title='bbox 1649 2691 1713 2721; x_wconf 86' lang='lat'>311</span> <span class='ocrx_word' id='word_1_292' title='bbox 1739 2691 1799 2713; x_wconf 86' lang='lat' dir='ltr'>one</span> <span class='ocrx_word' id='word_1_293' title='bbox 1821 2680 1885 2713; x_wconf 87' lang='lat' dir='ltr'>line</span> <span class='ocrx_word' id='word_1_294' title='bbox 1905 2685 1998 2723; x_wconf 83' lang='lat' dir='ltr'>space</span> <span class='ocrx_word' id='word_1_295' title='bbox 2020 2679 2047 2711; x_wconf 87' lang='lat' dir='ltr'>F</span> 
     </span>
    </p>
   </div>
  </div>
 </body>
</html>
