2095 3173
717 240 908 281 LIBER
949 241 1193 282 SEXTUS

332 346 415 385 Sub
445 359 628 386 sermone
656 347 782 386 latens
811 348 876 386 illa
903 348 1027 398 figura
1055 349 1151 387 fuit:

330 413 462 450 Aurea
491 412 542 451 de
570 412 674 451 facto
701 420 856 463 gestant
884 419 1018 452 tamen
1048 426 1116 452 ora
1144 420 1326 463 potentes

331 477 544 525 Causidici‚
576 478 643 527 qui
672 490 780 516 nunc
808 491 925 517 aurea
954 486 1096 517 cuncta
1123 486 1272 517 vorant.

333 542 516 581 Pondere
545 541 679 580 subtili
709 543 860 592 species
889 544 1127 589 venduntur,
1156 550 1198 582 vt
1227 550 1383 594 emptor

331 607 636 646 Circumventus
667 620 715 646 eo
744 608 895 646 nesciat
923 608 1018 647 inde
1047 609 1202 657 forum;

330 673 401 710 Est
431 678 564 710 tamen
591 685 684 711 ecce
712 673 836 711 modo
864 673 1023 722 pondus
1053 674 1245 722 subtilius,
1276 675 1316 712 in
1346 687 1427 724 quo

328 737 569 775 Venduntur
596 736 715 775 verba
743 738 838 788 legis
867 739 907 776 in
937 745 1018 778 arte
1047 752 1128 777 sua.

330 803 534 852 Quicquid
562 809 680 852 agant
708 803 824 853 leges,
856 804 1028 842 hominis
1058 805 1119 843 lex
1149 805 1341 844 interioris

328 868 467 907 Gestat
495 868 546 906 ab
576 869 737 907 interius
766 869 907 907 iudicis
936 870 1033 908 illud
1062 883 1185 908 onus:
1386 856 1395 870 ⁸

328 933 475 972 Omnia
503 934 571 972 dat
599 935 716 984 gratis
745 934 942 982 dominus,
973 942 1032 973 set
1061 936 1156 985 legis
1184 948 1326 974 auarus

328 1000 561 1038 Sermonem
591 1001 745 1038 nullum
774 1001 841 1039 dat
871 1001 945 1038 nisi
973 1002 1120 1040 vendat
1149 1014 1252 1040 eum.

329 1065 370 1103 Si
399 1064 503 1103 bene
532 1066 774 1115 promittant,
805 1066 973 1104 totidem
1002 1067 1229 1115 promittere
1257 1066 1385 1106 verbis

332 1130 400 1168 Ius
429 1131 539 1178 foret,
572 1138 610 1169 et
638 1131 763 1180 pactis
792 1138 906 1180 pacta
934 1131 1076 1170 referre
1104 1132 1208 1170 suis:

328 1195 400 1233 Hii
429 1202 563 1234 tamen
592 1203 683 1234 ante
712 1185 886 1243 manum,
918 1196 1109 1245 quicquid
1138 1196 1188 1234 de
1218 1197 1297 1235 fine
1326 1203 1524 1247 sequetur,

330 1261 470 1310 Sepius
500 1262 683 1300 inmerito
712 1261 861 1311 premia
890 1261 989 1299 ferre
1017 1268 1171 1311 petunt.

327 1326 392 1364 Sic
421 1327 545 1377 magis
575 1327 737 1376 obliqua
765 1327 856 1364 lanx
884 1327 1009 1365 nescit
1037 1327 1215 1376 pondera
1244 1327 1348 1374 iuris,

327 1392 420 1439 Quo
448 1393 524 1430 ruit
553 1392 592 1429 in
622 1398 776 1439 tortam,
808 1404 886 1442 que
915 1392 1015 1430 foret
1044 1404 1157 1442 equa,
1188 1393 1290 1430 viam
1306 1406 1317 1440 3

326 1457 390 1494 Sic
419 1457 518 1495 solet
547 1457 735 1495 iniustum
766 1457 849 1495 fieri
878 1456 952 1495 sub
982 1457 1145 1495 nomine
1174 1457 1288 1504 iusto,

326 1522 449 1570 Quod
478 1522 576 1560 foret
605 1528 644 1560 et
674 1522 809 1570 fidum,
842 1522 884 1559 fit
913 1523 1037 1572 magis
1065 1522 1217 1572 absque
1247 1523 1348 1562 fide:

324 1584 525 1623 Causidici
553 1585 681 1635 legem
709 1592 937 1634 proponunt
965 1597 1052 1623 esse
1080 1585 1250 1633 beatam,

326 1649 584 1688 Concludunt
614 1657 672 1688 set
701 1662 789 1688 eam
819 1651 920 1688 facta
948 1663 1018 1700 per
1046 1651 1131 1700 ipsa
1160 1652 1316 1689 malam.

382 1717 445 1753 De
473 1716 580 1766 ligno
610 1716 801 1766 quicquid
830 1723 980 1754 rectum
1011 1717 1042 1754 si
1071 1717 1128 1754 vir
1156 1717 1231 1755 sibi
1260 1725 1400 1765 sumat,

323 1781 390 1819 Ad
418 1781 545 1818 visum
575 1782 687 1819 claris
717 1781 861 1819 subdet
889 1788 927 1819 et
956 1782 1053 1819 illud
1081 1783 1206 1831 aquis,

324 1847 499 1895 Apparet
528 1852 675 1884 tortum
705 1845 779 1884 sibi
809 1847 917 1895 quod
947 1847 1018 1884 suit
1047 1847 1186 1885 ordine
1214 1854 1364 1885 rectum
1380 1862 1390 1895 ;

325 1910 390 1948 Sic
418 1911 469 1948 ad
498 1911 745 1960 propositum
775 1911 836 1948 lex
865 1911 943 1960 agit
971 1923 1065 1949 ecce
1094 1924 1242 1950 meum.

323 1976 427 2013 Nam
458 1976 489 2013 si
519 1976 720 2014 causidico
748 1976 871 2014 modo
900 1976 1030 2014 dicam
1060 1977 1119 2014 ius
1148 1977 1412 2024 manifestum,

325 2041 446 2089 Quod
476 2041 596 2078 michi
626 2041 780 2079 iusticia
808 2041 916 2079 nulla
945 2054 1087 2091 negare
1115 2048 1257 2091 potest,

326 2106 418 2154 Ipse
448 2118 562 2143 suurn
592 2106 745 2143 lucrum
775 2107 1005 2155 conspirans
1035 2107 1226 2156 quicquid
1255 2107 1306 2145 ad
1336 2107 1466 2157 ipsum

322 2171 470 2208 Dixero
499 2170 713 2216 subuertet‚
744 2171 867 2209 multa
895 2172 1041 2221 pericla
1068 2184 1264 2220 mouens;

322 2235 494 2274 Conficit
523 2248 570 2274 ex
598 2236 724 2274 mellis
753 2237 966 2275 dulcedine
995 2237 1095 2276 fellis
1122 2230 1312 2284 ama'rum,

321 2301 456 2339 Vrtice
485 2302 654 2339 similem
684 2302 795 2351 fingit
824 2309 862 2340 et
892 2314 978 2340 esse
1006 2315 1147 2349 rosam,

323 2366 374 2403 Et
403 2366 508 2404 velut
537 2379 583 2405 ex
612 2367 706 2405 flatu
736 2367 948 2405 Basiliscus
977 2368 1124 2405 toxicat
1152 2368 1229 2405 oris

320 2431 436 2477 Aera,
469 2444 549 2481 quo
578 2439 688 2480 peste
718 2432 894 2482 proxima
923 2432 1001 2470 vita
1029 2433 1138 2482 perit,

322 2496 394 2533 Est
423 2496 534 2545 quod
562 2497 649 2546 plus
679 2510 831 2544 sanum,
863 2498 918 2535 sic
947 2497 1007 2535 ius
1036 2498 1092 2535 vir
1121 2498 1213 2535 iuris
1241 2497 1293 2535 ad
1321 2509 1434 2536 aures

322 2561 454 2599 Inficit
485 2573 531 2599 ex
560 2562 699 2610 verbis,
730 2563 870 2612 plenus
900 2563 940 2600 in
969 2575 1036 2601 ore
1065 2563 1191 2601 dolis:

322 2627 374 2664 Et
403 2627 458 2664 sic
486 2627 612 2676 vulpis
641 2640 759 2666 ouem
789 2634 906 2666 terret
935 2628 1140 2677 predoque
1168 2628 1341 2666 viantem

320 2692 473 2738 Predat,
505 2692 640 2741 sicque
668 2693 783 2731 dolus
813 2693 918 2743 cogit
946 2693 1055 2731 abire
1084 2693 1218 2731 fidem.

319 2757 464 2794 Micius
494 2764 552 2795 est
580 2758 691 2807 lapso
719 2759 886 2808 digitum
915 2770 1138 2807 supponere
1168 2764 1314 2805 mento,

319 2823 500 2871 Mergere
529 2834 648 2871 quam
677 2823 835 2873 liquidis
865 2836 932 2861 ora
961 2823 1131 2861 natantis
1160 2823 1297 2873 aquis:

467 2897 526 2937 187
552 2897 606 2928 Set
622 2897 648 2929 C
798 2909 858 2940 194
882 2899 1005 2931 subdet
1023 2898 1085 2930 SH
1131 2899 1252 2930 subdat
1270 2898 1426 2930 CEGDL

1626 877 1688 908 180

1625 1539 1686 1571 190

1618 2189 1682 2211 200

1614 2840 1677 2861 210
