2095 3173
454 223 504 261 72

924 208 1056 250 VOX
1096 207 1458 249 CLAMANTIS

562 316 751 364 Effioeris,
783 315 900 354 nobis
929 316 1080 366 gracior
1108 315 1212 353 vnde
1242 315 1355 353 fores.

560 384 615 420 Vt
645 389 683 420 te
713 382 833 420 credo
863 381 983 419 deum
1014 381 1070 418 sic
1099 392 1185 418 esse
1213 391 1430 428 meumque
1460 385 1676 428 parentem,

561 448 720 494 Micius,
752 459 832 493 oro,
864 452 985 495 pater,
1017 452 1059 483 tu
1089 457 1178 483 mea
1208 445 1286 482 fata
1314 446 1430 494 rege!

561 515 615 551 Vt
645 513 695 551 de
724 519 852 549 morte
880 511 1007 549 crucis
1037 517 1076 549 te
1105 523 1186 548 non
1217 510 1340 560 pudet
1369 522 1455 548 esse
1485 515 1705 555 cruentum,

562 580 657 616 Hoc
687 577 751 624 ita,
783 576 911 615 Criste
940 575 1038 614 meis
1068 582 1248 625 tempore
1276 587 1393 625 parce
1421 574 1557 612 malis!

562 643 642 692 Qui
673 642 841 680 Paulum
870 641 1021 691 pelago,
1055 642 1215 679 Petrum
1245 640 1296 679 de
1324 652 1491 687 carcere,
1525 640 1666 677 Ionam

563 708 693 758 Eripis
722 720 745 745 a
773 707 892 756 piscis
921 713 1068 754 ventre,
1101 713 1303 745 memento
1333 706 1435 744 mei!
1842 709 1928 740 1820

561 773 700 812 Nescit
728 771 869 811 abesse
898 772 997 810 deus
1027 772 1067 809 in
1098 784 1140 810 se
1169 770 1430 822 sperantibus,
1461 782 1574 820 egros

560 840 716 886 Visitat‚
748 839 865 876 elisos
895 837 1017 887 erigit,
1049 845 1166 887 auget
1195 850 1327 887 opem.

562 904 744 950 Peccaui‚
774 904 907 950 redeo,
938 903 1123 942 miserere
1152 915 1291 952 precor
1319 902 1557 940 miserendi!

561 970 741 1019 Tempus
770 968 894 1015 adest,
924 968 1089 1007 miseros
1118 975 1157 1007 te
1185 968 1363 1006 refouere
1393 967 1519 1005 decet.

563 1037 695 1082 Parce,
727 1046 876 1083 precor,
908 1033 1139 1084 fulmenque
1169 1040 1281 1071 tuum
1311 1039 1379 1070 tua
1407 1032 1485 1070 tela
1513 1031 1698 1078 reconde,

565 1102 656 1149 Que
685 1099 806 1138 michi
837 1112 945 1138 nunc
974 1100 1118 1138 misero
1147 1099 1271 1137 tristia
1300 1105 1409 1136 tanta
1438 1105 1587 1147 parant.

621 1166 704 1205 ‘Ox
730 1165 794 1204 cui
823 1165 950 1204 fundo
980 1178 1128 1215 preces,
1159 1172 1198 1203 te
1229 1165 1430 1214 deprecor,
1464 1164 1581 1202 intret
1612 1164 1651 1200 in
1681 1174 1793 1201 aures

564 1234 656 1271 Hec
686 1244 775 1270 mea
804 1231 960 1269 diuinas
989 1243 1065 1269 vox
1092 1231 1300 1269 lacrimosa
1328 1232 1439 1269 tuas!

564 1299 651 1336 Iam
680 1308 804 1347 prope
834 1296 1040 1346 depositus
1071 1309 1158 1334 sum
1188 1296 1353 1343 mundo,
1385 1294 1559 1345 frigidus,
1591 1306 1692 1344 eger,

562 1365 748 1403 Seruatus
778 1374 847 1412 per
875 1369 924 1409 te,
957 1362 989 1399 si
1018 1362 1141 1400 modo
1171 1374 1313 1409 seruer,
1345 1374 1429 1411 eg0.
1845 1364 1930 1405 1830

564 1429 601 1468 O
632 1429 774 1478 superi,
805 1428 961 1475 fractis,'
992 1428 1082 1475 dixi,
1118 1428 1355 1466 ‘succurrite
1384 1427 1513 1474 remis,

564 1496 616 1534 Et
644 1495 737 1533 date
765 1494 968 1544 naufragio
998 1494 1112 1532 litora
1139 1500 1224 1532 tuta
1253 1496 1368 1532 meo!

564 1561 655 1609 Que
684 1572 808 1609 genus
838 1559 1060 1596 humanum
1089 1559 1242 1596 curauit
1270 1559 1421 1608 origine
1450 1557 1579 1604 Cristi,

564 1625 773 1663 Materiam
804 1636 897 1662 cure
925 1623 1087 1673 prebeat
1116 1624 1181 1661 illa
1209 1626 1321 1662 mee!

563 1691 624 1729 Te
652 1702 801 1740 precor,
833 1690 937 1728 alme
967 1689 1077 1736 deus,
1110 1689 1158 1726 sit
1188 1695 1228 1727 vt
1257 1689 1323 1726 illa
1351 1688 1473 1726 michi
1502 1687 1719 1734 mediatrix,

565 1757 658 1805 Que
686 1755 838 1805 peperit
868 1755 1005 1793 florem
1036 1755 1131 1793 flore
1161 1761 1349 1793 manente
1378 1766 1463 1792 suo.

563 1821 646 1860 Cur
673 1821 778 1858 mala
807 1831 885 1870 que
914 1820 1048 1869 pacior
1077 1819 1187 1857 nullo
1217 1819 1339 1857 michi
1368 1826 1547 1868 tempore
1577 1818 1727 1856 soluis?

565 1887 672 1924 Ecce
702 1886 820 1923 simul
849 1885 1051 1932 morimur,
1083 1885 1246 1934 respice,
1277 1885 1392 1934 plaga
1421 1884 1604 1921 monet!⁷

564 1952 669 1991 Cum
699 1950 823 2001 magis
854 1950 894 1988 in
924 1950 1109 2000 precibus
1139 1956 1356 1999 prostratus
1386 1949 1565 1998 proxima
1594 1948 1769 1998 dampna

565 2017 791 2066 Expectans
820 2016 935 2054 timui
965 2027 1115 2065 speque
1144 2015 1279 2053 salutis
1309 2027 1439 2064 egens,
1847 2019 1932 2059 1840

566 2084 746 2133 Impetus
775 2094 826 2121 en
855 2081 989 2120 subito
1017 2082 1105 2130 ruit,
1138 2088 1177 2119 et
1206 2081 1407 2119 concussit
1435 2080 1487 2119 ad
1515 2093 1652 2130 ymum

567 2149 737 2194 Nauem,
769 2159 889 2196 quam
920 2147 1022 2186 Cille
1050 2146 1216 2184 deuorat
1245 2146 1300 2183 ira
1330 2157 1478 2195 prope:

566 2213 637 2250 Vis
666 2219 801 2250 tamen
830 2212 934 2249 alma
962 2223 1124 2260 precum
1154 2210 1357 2249 sitibunda
1384 2210 1580 2260 voraginis
1610 2222 1677 2248 ora

567 2276 783 2323 Obstruxit,
815 2289 890 2315 nec
918 2288 964 2315 ea
993 2276 1036 2314 fit
1064 2275 1209 2313 saciata
1238 2275 1334 2314 vice.

566 2343 731 2392 Semper
760 2342 800 2379 in
830 2342 981 2379 incerto
1011 2341 1156 2378 fuimus
1186 2340 1283 2390 quid
1312 2340 1391 2378 fata
1419 2346 1611 2389 pararent,

567 2408 655 2447 Nec
685 2419 774 2457 spes
803 2419 875 2457 pro
904 2405 1031 2454 nobis,
1063 2418 1138 2445 nec
1166 2406 1284 2444 timor
1312 2417 1410 2455 equs
1439 2405 1561 2444 adest.

567 2473 714 2511 Micius
743 2472 809 2510 ille
838 2472 937 2522 perit
966 2471 1106 2510 subitis
1135 2471 1203 2521 qui
1233 2471 1420 2520 mergitur
1447 2471 1574 2517 vndis,

568 2537 702 2585 Quam
732 2549 803 2575 sua
831 2537 900 2586 qui
929 2536 1080 2575 timidis
1108 2534 1270 2574 brachia
1295 2536 1413 2574 iactat
1441 2535 1565 2585 aquis.

567 2602 735 2651 Absque
764 2603 897 2652 quiete
926 2609 1060 2640 tamen
1089 2608 1199 2652 rogat
1227 2601 1358 2640 omnis
1387 2608 1559 2651 votaque
1590 2602 1726 2651 suplex

569 2668 783 2717 Impendit,
815 2680 894 2718 que
922 2668 1006 2718 pias
1034 2667 1164 2706 fundit
1193 2666 1244 2705 ad
1272 2667 1350 2705 alta
1378 2678 1526 2717 preces,
1845 2671 1932 2713 1850

669 2781 753 2820 1848
777 2781 903 2813 timidis
921 2781 1132 2814 SCEHGHz
1176 2780 1316 2812 timidus
1332 2780 1361 2811 T
1406 2781 1545 2812 tumidis
1563 2780 1592 2811 D
1611 2780 1724 2822 (corr.)
