2095 3173
408 211 486 263 138
879 208 1012 250 VOX
1052 206 1412 250 CLAMANTIS

570 319 652 357 Ista
681 317 809 356 solent
838 314 966 362 scribi,
1002 317 1011 334 ‘
1028 313 1211 353 Medium
1240 320 1402 352 tenuere
1431 311 1548 358 beati,

515 383 611 422 Non
639 381 756 420 nimis
785 382 863 419 alta
891 386 1014 430 petas,
1045 391 1120 417 nec
1148 377 1265 416 nimis
1294 390 1385 428 yma
1411 377 1546 427 geras.'

515 448 610 486 Non
639 445 757 485 nimis
786 459 833 484 ex
862 445 962 484 duro
991 445 1122 494 presul
1151 456 1224 482 nos
1252 442 1336 482 iure
1364 442 1510 493 fatiget,

515 514 602 551 Nec
631 510 748 549 nimis
777 524 825 549 ex
853 509 963 549 molli
991 508 1242 560 simplicitate
1271 507 1384 547 sinat.

515 577 555 616 Si
584 590 666 615 non
695 577 785 615 leua
814 589 955 614 manus
985 574 1129 626 equitis
1158 573 1406 613 moderacior
1434 578 1550 619 extet,

515 641 721 693 Oppositis
748 640 867 680 frenis
895 654 989 691 sepe
1017 647 1209 691 repugnat
1237 652 1347 690 equs.

516 707 642 758 Eripit
670 706 882 754 interdum,
913 707 1037 745 modo
1065 707 1134 745 dat
1163 704 1362 744 medicina
1390 705 1569 750 salutem,

514 772 583 811 Nil
613 773 775 823 prodest
804 773 914 823 quod
942 784 1025 810 non
1054 772 1186 810 ledere
1214 769 1339 821 possit
1367 769 1486 809 idem.

515 838 584 876 Set
613 837 681 888 qui
710 838 820 876 frena
849 843 968 884 tenet,
999 835 1160 887 prouiso
1189 843 1378 886 tempore,
1409 835 1552 885 presul,

516 904 610 952 Quo
640 901 764 953 magis
793 909 853 941 est
882 915 1024 940 sanum
1053 902 1174 940 ducet
1202 902 1394 940 honestus
1423 899 1520 938 iter:
1797 901 1881 935 1160

516 967 657 1018 Sepius
687 981 735 1007 ex
763 966 872 1007 dulci
900 980 1071 1018 peccans
1101 979 1284 1005 sermone
1311 965 1462 1012 reviuit‚

517 1033 600 1082 Qui
629 1032 753 1084 magis
782 1032 1000 1083 impaciens
1030 1032 1150 1071 verba
1177 1045 1248 1082 per
1275 1044 1365 1070 acra
1393 1032 1504 1069 foret.

519 1098 691 1149 Expedit
719 1097 920 1137 interdum
948 1105 1083 1137 tamen
1111 1098 1263 1148 absque
1292 1098 1427 1135 fauore
1455 1096 1620 1135 rebelles

518 1166 634 1214 Equa
662 1165 772 1214 quod
801 1163 948 1202 inuitos
977 1162 1142 1215 presulis
1171 1162 1227 1201 ira
1254 1169 1433 1214 premat:

517 1230 620 1280 Sepe
649 1230 752 1268 ferus
783 1229 945 1268 morbus
975 1228 1107 1268 herbis
1137 1228 1308 1268 mitescit
1336 1227 1489 1275 amaris,

518 1295 707 1345 Namque
735 1295 833 1334 feret
861 1295 1001 1333 molles
1028 1307 1168 1345 aspera
1196 1293 1309 1345 spina
1337 1306 1470 1331 rosas:

519 1361 630 1398 Dura
657 1359 768 1399 vides
797 1361 908 1410 quod
936 1361 1082 1399 humus
1111 1358 1406 1398 stimulantibus
1434 1358 1576 1397 obruta
1604 1355 1720 1396 sulcis

519 1425 660 1476 Sepius
688 1427 741 1465 ad
770 1425 960 1476 placitum
989 1427 1109 1464 molle
1138 1437 1331 1464 cacumen
1359 1423 1491 1463 habet.

572 1491 727 1529 Vnctus
757 1490 829 1529 erit
857 1491 989 1541 presul
1016 1491 1118 1538 oleo,
1150 1491 1260 1541 quod
1289 1491 1401 1541 plura
1429 1490 1579 1539 figurat,

519 1555 794 1606 Precipueque
823 1555 898 1594 sibi
927 1555 1116 1595 conuenit
1144 1555 1211 1593 illa
1239 1554 1378 1605 sequi:
1800 1566 1885 1599 1170

514 1621 704 1669 Quatuor
732 1620 806 1659 ista
834 1619 937 1668 facit,
968 1627 1158 1672 penetrat,
1190 1621 1306 1667 lucet,
1337 1619 1454 1667 cibat,
1484 1617 1603 1669 vngst,

517 1686 609 1735 Que
638 1685 713 1724 sibi
743 1685 920 1724 mitratus
950 1686 1071 1725 debet
1100 1686 1246 1725 habere
1275 1686 1416 1724 bonus.

521 1750 590 1789 Nil
618 1758 823 1802 penetrare
852 1758 983 1802 potest
1011 1750 1086 1789 nisi
1114 1764 1207 1790 cum
1235 1750 1377 1789 virtute
1405 1748 1558 1800 vigoris,

523 1817 605 1854 Ista
634 1822 768 1855 tamen
796 1815 917 1855 virtus
946 1816 987 1854 in
1016 1804 1263 1866 penetrando
1292 1815 1401 1865 iuuat
1416 1829 1426 1863 3

523 1882 630 1921 Nam
659 1894 752 1921 cum
781 1881 973 1921 mollicies
1003 1881 1118 1920 fuerit
1147 1880 1361 1921 coniuncta
1388 1879 1522 1931 vigori,

523 1945 635 1985 Mitis
664 1954 703 1986 et
730 1954 908 1985 austerus
936 1946 1102 1997 presulis
1130 1954 1241 1985 actus
1270 1946 1353 1985 erit.

523 2013 736 2051 Fermento
766 2019 906 2060 careat,
938 2014 1027 2051 oleo
1056 2019 1268 2063 spergatur‚
1299 2019 1340 2050 vt
1368 2010 1472 2050 absit

523 2076 653 2127 Culpa
680 2089 842 2125 nocens,
874 2085 913 2116 et
941 2091 1034 2116 eum
1063 2084 1222 2116 sanctus
1251 2076 1415 2127 inungat
1443 2089 1577 2115 amor:

524 2143 615 2180 Vox
642 2141 696 2179 ita
725 2142 911 2190 doctoris,
942 2150 1092 2193 quanto
1121 2141 1329 2180 sublimius
1359 2141 1464 2180 intus

525 2206 660 2246 Corda
687 2205 785 2254 ferit,
817 2214 928 2245 tanto
957 2206 1102 2246 sorcius
1130 2206 1197 2244 illa
1226 2214 1386 2245 mouet:
1807 2213 1890 2244 1180

525 2270 591 2310 Sic
618 2270 696 2310 olei
723 2271 844 2311 virtus
872 2271 1034 2311 virtutes
1062 2273 1257 2323 ponderat
1285 2284 1398 2321 eque,

527 2335 667 2375 Forcia
695 2337 793 2375 dum
821 2344 1011 2387 penetrat,
1042 2336 1182 2375 micius
1210 2344 1299 2374 acta
1326 2336 1434 2386 regit.

529 2402 617 2439 Lux
645 2400 761 2449 cecis,
793 2401 906 2441 cibus
935 2409 994 2440 est
1022 2400 1174 2449 ieiunis,
1206 2401 1346 2440 vnccio
1376 2401 1524 2440 morbis
1539 2416 1548 2449 ;

526 2465 621 2504 Hiis
651 2465 764 2504 iubar
791 2466 974 2515 infundit,
1005 2467 1079 2505 hos
1108 2466 1224 2514 cibat,
1255 2467 1410 2516 hosque
1438 2468 1570 2505 fouet:

529 2532 616 2570 Lux
647 2538 707 2570 est
734 2533 927 2582 exemplo,
958 2531 1071 2570 cibus
1099 2539 1159 2570 est
1187 2532 1284 2571 dum
1312 2531 1438 2581 pascit
1465 2545 1623 2582 egenos,

529 2597 684 2636 Vnccio
713 2598 810 2636 dum
839 2597 996 2648 populis
1025 2596 1157 2636 dulcia
1184 2596 1304 2636 verba
1332 2596 1434 2635 serit.

531 2663 626 2700 Hoc
655 2663 756 2709 oleo,
787 2669 956 2701 testante
987 2661 1131 2709 Dauid,
1164 2661 1314 2701 Cristus
1343 2661 1416 2700 fuit
1444 2669 1596 2710 vnctus,

532 2727 718 2777 Vnguine
746 2727 876 2766 leticie
904 2740 996 2766 cum
1024 2735 1135 2778 pater
1161 2726 1270 2765 vnxit
1298 2740 1414 2766 eum:

533 2792 628 2830 Non
657 2800 855 2843 vnguntur
883 2806 931 2831 eo
960 2792 1029 2843 qui
1057 2793 1215 2842 culpam
1245 2791 1416 2831 Simonis
1446 2800 1604 2843 equant,

533 2855 614 2906 Qui
639 2858 817 2897 vendunt
845 2859 907 2897 vel
936 2864 1083 2906 emunt,
1114 2870 1189 2897 nec
1217 2870 1326 2896 sacra
1353 2857 1470 2908 gratis
1499 2857 1671 2897 habent:
1803 2873 1887 2906 1190
