2121 3173
461 254 542 293 322

129 351 206 377 tans
230 345 445 386 inquietauit,
466 346 545 377 Ric-

129 390 545 422 ardumComitemArun·

129 434 229 465 dellie
247 434 544 474 quidiciturEqus,

130 477 365 509 fraudulenter
397 478 541 517 decepit.

132 521 213 553 Erat
231 522 321 552 enim
338 527 419 552 tunc
440 523 546 553 frater

131 566 210 596 dicti
225 566 366 597 Comitis
383 566 542 605 Thomas,

129 609 387 641 Cantuariensis
415 610 545 640 archie-

129 652 303 693 piscopus,
321 654 373 684 cui
397 664 459 684 rex
480 653 543 684 sub

129 697 322 728 iuramento
344 697 445 728 fidem
469 707 544 736 pre-

127 742 226 779 stitit,
250 741 351 781 quod,
378 741 406 771 si
432 741 543 771 dictus

129 784 253 816 Comes
281 785 323 816 ad
362 785 413 815 sui
453 785 544 823 regis

130 829 343 868 presenciam
376 828 542 859 obediens

130 877 256 912 sponte
284 873 428 911 veniret,
458 871 544 902 liber

130 920 258 947 extunc
312 916 439 955 absque
490 926 543 946 ca-

132 960 297 1000 lumpnia,
338 960 543 999 vbicumque

131 1004 277 1035 transire
315 1004 430 1043 vellet,
467 1013 542 1034 cum

128 1048 227 1078 firma
261 1048 353 1086 regis
391 1046 544 1078 amicicia

129 1091 332 1122 fiducialiter
363 1101 543 1131 permane-

129 1140 196 1167 ret:
216 1135 306 1166 etsic
315 1135 459 1166 veniens
468 1145 545 1175 pro-

127 1179 189 1209 bus
201 1179 326 1210 Comes
338 1179 379 1209 ab
390 1179 544 1218 improbo

127 1233 210 1262 rege
227 1223 406 1262 decipitur.

172 1282 328 1322 Qualiter
382 1283 541 1322 Thomas,

127 1326 194 1358 alio
240 1326 378 1358 nomine
423 1327 542 1367 Vrsus,

129 1378 211 1402 tunc
229 1370 354 1401 Comes
376 1371 418 1402 de
441 1370 544 1402 War-

128 1414 220 1454 wyk,
241 1425 260 1445 a
276 1415 367 1454 regis
391 1415 542 1446 satelliti-

128 1457 191 1489 bus
212 1458 401 1489 Londoniis
424 1463 542 1497 captus

130 1508 164 1532 et
181 1502 216 1532 in
234 1512 406 1533 carcerem
418 1502 542 1533 missus

129 1546 279 1576 inmunis
293 1546 392 1585 culpe
400 1547 540 1586 paciens

129 1589 315 1621 succubuit.
352 1589 464 1629 Super
474 1600 541 1629 quo

127 1643 226 1664 suum
282 1633 541 1673 parliamentum

128 1677 219 1716 apud
267 1676 541 1708 Westmonaste-

128 1721 214 1751 rium
237 1720 272 1751 in
294 1721 450 1760 proximo
467 1731 541 1761 pro-

128 1764 360 1795 nunciandum
402 1775 462 1795 rex
498 1765 541 1796 ti-

129 1818 257 1840 rannus
274 1809 437 1839 decreuit.

172 1867 329 1908 Qualiter
339 1869 542 1909 pronuncia·

127 1916 162 1943 to
201 1912 428 1952 parliamento
465 1919 542 1944 octo

128 1964 210 1987 tunc
228 1956 445 1996 appellantes
461 1968 542 1988 con-

129 2005 180 2030 tra
204 2001 313 2031 dictos
337 2006 408 2031 tres
424 2011 543 2041 proce-

129 2053 185 2074 res
194 2044 237 2074 ad
250 2054 367 2074 eorum
378 2045 545 2084 perdicio-

129 2098 206 2118 nem
228 2088 473 2127 promptissimi
495 2089 545 2119 in-

129 2130 335 2170 terfuerunt,
348 2137 382 2162 et
393 2132 470 2171 quia
483 2143 545 2163 rex

129 2180 270 2214 propter
285 2180 412 2206 metum
432 2176 546 2215 populi

129 2219 250 2249 ducem
280 2218 468 2250 Glouernie
493 2230 547 2250 co-

127 2272 200 2292 ram
214 2272 255 2293 eo
266 2264 492 2302 personaliter
511 2264 546 2294 in

129 2307 352 2345 parliamento
369 2317 544 2346 compare-

129 2360 165 2380 re
182 2349 298 2388 noluit,
318 2350 433 2381 subtili
450 2361 544 2381 men-

130 2393 226 2423 dacio
260 2393 359 2424 finxit
395 2404 471 2425 eum
509 2394 543 2425 in

129 2436 217 2467 lecto
240 2442 407 2468 mortuum
425 2438 540 2478 fuisse,

130 2480 187 2519 qui
223 2481 334 2511 adhuc
367 2486 544 2521 superstes

129 2524 164 2553 in
183 2534 320 2555 carcere
337 2524 464 2555 Calisie
480 2526 544 2556 sub

131 2567 228 2597 claue
267 2568 447 2599 tenebatur
463 2579 471 2607 ;
510 2574 545 2600 et

129 2611 178 2641 sic
210 2611 330 2641 ducem
369 2612 545 2643 absentem

131 2655 260 2693 absque
317 2656 545 2694 responsione

131 2707 191 2727 r;x
209 2697 350 2737 pestifer
366 2699 546 2730 falsissime

131 2742 407 2781 condempnauit.

176 2801 332 2840 Qualiter
340 2812 410 2839 rex,
420 2802 546 2843 cumip-

132 2855 168 2875 se
187 2847 305 2876 ducem
328 2852 543 2886 prenotatum

583 2904 626 2942 56
644 2904 776 2944 margin
793 2904 966 2935 Arunde'ir
981 2905 1095 2942 MSS,
1113 2903 1185 2936 and
1197 2915 1234 2936 so
1251 2904 1339 2944 later,
1363 2914 1434 2945 119,
1453 2907 1528 2945 236,
1546 2908 1608 2937 &Q

952 241 1233 283 CRONICA
1262 241 1368 282 TRI
1380 241 1648 282 PERTITA

673 348 844 387 Caucius
874 349 913 387 in
943 357 1076 388 mente
1105 348 1304 399 conspirat
1332 350 1469 388 fraude
1497 350 1654 387 latente.

673 414 879 452 Periurans
909 414 1083 453 Cristum
1113 414 1313 454 Comitem
1344 413 1399 452 sic
1429 413 1576 464 decipit
1604 413 1747 452 istum:

673 481 764 529 Ipse
794 479 894 517 libro
922 487 1029 518 tacto
1057 479 1168 527 iurat,
1199 480 1460 530 firmanteque
1488 487 1606 530 pacto

673 543 856 582 Promisit
887 552 991 583 certe
1020 558 1098 595 que
1127 545 1248 583 fidem
1277 544 1444 583 donauit
1472 552 1616 594 aperte,

674 608 821 647 Dicens
851 611 961 660 quod
990 618 1097 649 tutus
1127 612 1234 649 nulla
1263 611 1313 649 de
1343 611 1480 649 fraude
1508 612 1665 648 volutus

673 674 793 713 Liber
820 676 1010 724 transiret,
1042 677 1094 715 ad
1123 690 1214 715 eum
1245 676 1276 714 si
1306 677 1467 726 quando
1497 675 1657 714 veniret.

672 740 766 778 Hoc
795 739 1059 779 iuramentum
1089 742 1205 779 frater
1235 740 1402 781 Comitis
1432 747 1709 778 manutentum

672 804 822 843 Primas
851 807 1004 844 feruore
1033 805 1132 856 regis
1162 806 1334 856 suscepit
1363 806 1414 844 ab
1443 819 1537 844 ore:

671 872 807 909 Presul
837 873 936 910 letus
967 879 1058 918 erat,
1090 871 1164 909 sub
1194 871 1261 909 tali
1287 872 1419 910 federe
1449 878 1588 920 sperat,

672 937 722 974 Et
752 935 807 975 sic
837 936 1000 975 cautelis
1031 945 1169 987 captus
1198 936 1271 974 fuit
1300 936 1365 975 ille
1394 935 1533 975 fidelis.

726 1003 849 1040 Vrsus
878 1010 919 1040 vt
944 1001 1107 1049 audiuit,
1139 1015 1222 1040 non
1251 1015 1342 1052 ergo
1372 1008 1546 1040 remotus
1576 1000 1729 1050 abiuit3

671 1066 838 1117 Signans
868 1081 909 1106 se
940 1067 1070 1107 Cristo
1099 1075 1275 1106 mentem
1305 1066 1494 1106 stabiliuit
1522 1066 1564 1104 in
1592 1066 1692 1104 isto:

671 1133 767 1171 Non
795 1132 888 1171 facit
917 1146 1102 1172 excursus
1130 1132 1291 1183 paciens
1321 1146 1399 1183 que
1427 1131 1625 1183 piissimus
1654 1133 1789 1179 Vrsus,

672 1198 739 1236 Set
767 1198 891 1249 magis
919 1198 1089 1237 attendit
1118 1200 1223 1236 mala
1250 1212 1328 1248 que
1357 1199 1514 1236 fortuna
1542 1196 1746 1248 rependit:

672 1263 893 1302 Londoniis
922 1264 1076 1311 mansit,
1109 1277 1183 1302 nec
1212 1264 1263 1302 ab
1291 1263 1397 1302 vrbis
1426 1262 1586 1302 cardine
1614 1261 1763 1309 transit,

673 1329 765 1377 Quo
794 1329 1015 1379 captiuatus
1043 1329 1117 1368 fuit
1145 1329 1210 1368 hic
1239 1329 1323 1368 sine
1351 1329 1441 1368 labe
1469 1336 1609 1367 reatus.

672 1393 735 1431 Sic
764 1402 840 1432 tres
869 1408 1037 1444 persone
1066 1395 1104 1433 vi
1133 1404 1191 1433 set
1220 1408 1302 1433 non
1331 1394 1414 1433 iure
1443 1407 1590 1433 corone

670 1459 903 1498 Carceribus
932 1460 1054 1499 stricti
1083 1468 1289 1499 remanent
1317 1462 1423 1499 velut
1451 1460 1589 1498 vmbra
1618 1458 1753 1498 relicti.

669 1524 823 1563 Celsius
852 1525 893 1562 in
923 1539 1073 1565 scanno
1102 1534 1197 1564 tunc
1227 1525 1349 1564 creuit
1378 1539 1527 1576 pompa
1555 1525 1722 1572 tiranno,

669 1589 780 1627 Nulli
809 1590 1006 1640 parcebat,
1039 1590 1114 1629 sibi
1143 1592 1240 1629 dum
1270 1592 1427 1629 fortuna
1455 1590 1642 1628 fauebat:

669 1655 753 1692 Stat
782 1656 909 1694 scelus
939 1664 1142 1694 extentum
1173 1655 1306 1694 statuit
1336 1669 1416 1706 quo
1446 1655 1762 1706 parliamentum,

669 1720 723 1757 Vt
752 1719 801 1757 sit
830 1720 957 1758 finalis
988 1720 1043 1758 sic
1072 1720 1175 1759 vlcio
1204 1720 1408 1759 iudicialis.

723 1786 840 1823 Tunc
868 1787 1113 1835 appellantes
1144 1787 1295 1824 fuerant
1324 1793 1416 1824 octo
1445 1785 1709 1832 dominantes,

671 1848 751 1897 Qui
779 1857 856 1888 tres
886 1852 1096 1900 appellant,
1127 1858 1168 1889 vt
1197 1864 1264 1889 eos
1294 1865 1317 1889 a
1344 1852 1432 1889 luce
1461 1853 1662 1901 repellant.

672 1916 719 1961 O,
753 1915 840 1965 quis
869 1929 1035 1966 pensare
1063 1924 1198 1967 posset
1227 1916 1323 1967 quin
1353 1918 1462 1955 fleret
1491 1930 1633 1964 amare,

672 1981 780 2018 Dum
810 1983 937 2019 scelus
966 1983 1151 2032 explorat,
1183 1995 1251 2032 per
1280 1983 1389 2032 quod
1419 1982 1541 2032 magis
1571 1982 1714 2032 Anglia
1741 1983 1900 2033 plorat?

673 2047 779 2085 Ecce
809 2046 893 2085 dies
922 2047 1058 2085 mortis
1087 2048 1262 2094 aderant,
1294 2061 1373 2097 qua
1401 2061 1548 2098 pompa
1577 2047 1750 2086 cohortis

672 2112 825 2161 Regem
854 2125 1095 2162 pomposum
1124 2112 1259 2151 statuit
1287 2112 1410 2163 magis
1440 2126 1526 2151 esse
1555 2114 1750 2151 dolosum.

675 2178 751 2214 Pro
781 2176 880 2227 regis
909 2186 1018 2227 parte
1048 2177 1181 2215 subtili
1211 2178 1369 2228 fingitur
1398 2186 1489 2224 arte,

675 2241 845 2292 Cignum
875 2250 956 2280 tam
985 2256 1127 2292 purum
1157 2242 1241 2281 sine
1270 2257 1460 2293 responso
1489 2243 1746 2282 moriturum:

673 2308 776 2347 Cum
806 2307 929 2358 magis
959 2321 1139 2358 expresse
1167 2322 1232 2346 rex
1260 2309 1373 2346 nouit
1401 2322 1493 2347 eum
1522 2322 1737 2359 superesse,

671 2372 801 2411 Finxit
829 2387 921 2411 eum
951 2375 1054 2411 lecto
1083 2373 1267 2411 transisse
1297 2374 1370 2412 sub
1400 2374 1539 2413 ordine
1568 2383 1686 2413 recto.

670 2438 734 2476 Sic
764 2452 846 2477 non
875 2438 1039 2477 inuento
1070 2438 1209 2489 Cigno,
1241 2438 1296 2476 nil
1325 2439 1585 2489 parliamento

671 2503 748 2540 Pro
778 2516 819 2541 se
848 2503 1062 2553 respondit,
1095 2516 1214 2552 quem
1244 2516 1310 2541 rex
1339 2503 1413 2541 sub
1443 2505 1554 2542 claue
1583 2503 1788 2543 recondit:

672 2568 777 2607 Cum
806 2581 888 2606 non
917 2577 1088 2618 apparet,
1120 2576 1159 2605 vt
1189 2581 1230 2606 se
1259 2569 1309 2606 de
1338 2569 1423 2618 lege
1451 2568 1613 2616 iuuaret,

673 2634 798 2672 Hunc
827 2635 1171 2684 condempnarunt
1201 2633 1342 2680 subito,
1375 2648 1492 2684 quern
1524 2643 1613 2685 post
1643 2635 1868 2685 spoliarunt.

673 2698 709 2736 O
739 2700 866 2736 scelus
895 2698 1046 2745 inferni,
1078 2706 1263 2749 poterunt
1290 2712 1370 2748 quo
1400 2700 1492 2738 flere
1522 2699 1712 2747 moderni,

673 2763 736 2801 De
765 2763 899 2813 iugulo
929 2763 1044 2814 Cigni
1075 2765 1184 2814 quod
1210 2763 1448 2802 constituere
1478 2764 1661 2814 maligni!

673 2828 840 2866 Occulte
870 2837 1039 2878 querunt
1069 2829 1177 2878 quod
1205 2836 1338 2878 aperte
1367 2843 1448 2867 non
1478 2837 1702 2879 potuerunt,

1990 2652 2032 2683 90

1743 2914 1783 2945 75
1800 2910 1952 2937 statuunt
1970 2905 2002 2936 H
