<?xml version="1.0" encoding="UTF-8"?>
<!DOCTYPE html PUBLIC "-//W3C//DTD XHTML 1.0 Transitional//EN"
    "http://www.w3.org/TR/xhtml1/DTD/xhtml1-transitional.dtd">
<html xmlns="http://www.w3.org/1999/xhtml" xml:lang="en" lang="en">
 <head>
  <title>
</title>
<meta http-equiv="Content-Type" content="text/html;charset=utf-8" />
  <meta name='ocr-system' content='tesseract 3.04.00' />
  <meta name='ocr-capabilities' content='ocr_page ocr_carea ocr_par ocr_line ocrx_word'/>
</head>
<body>
  <div class='ocr_page' id='page_1' title='image "./completeworksofj04gowe_0456.png"; bbox 0 0 2121 3173; ppageno 0'>
   <div class='ocr_carea' id='block_1_1' title="bbox 448 298 529 348">
    <p class='ocr_par' dir='ltr' id='par_1_1' title="bbox 448 298 529 348">
     <span class='ocr_line' id='line_1_1' title="bbox 448 298 529 348; baseline 0 0"><span class='ocrx_word' id='word_1_1' title='bbox 448 298 529 348; x_wconf 79' lang='lat'>348</span> 
     </span>
    </p>
   </div>
   <div class='ocr_carea' id='block_1_2' title="bbox 492 2893 784 2935">
    <p class='ocr_par' dir='ltr' id='par_1_2' title="bbox 492 2893 784 2935">
     <span class='ocr_line' id='line_1_2' title="bbox 492 2893 784 2935; baseline 0.01 -12"><span class='ocrx_word' id='word_1_2' title='bbox 492 2896 533 2923; x_wconf 82' lang='lat'>62</span> <span class='ocrx_word' id='word_1_3' title='bbox 559 2893 644 2935; x_wconf 91' lang='lat' dir='ltr'>non]</span> <span class='ocrx_word' id='word_1_4' title='bbox 669 2905 733 2926; x_wconf 84' lang='lat' dir='ltr'>nec</span> <span class='ocrx_word' id='word_1_5' title='bbox 760 2896 784 2926; x_wconf 88' lang='lat' dir='ltr'>F</span> 
     </span>
    </p>
   </div>
   <div class='ocr_carea' id='block_1_3' title="bbox 449 2946 924 2980">
    <p class='ocr_par' dir='ltr' id='par_1_3' title="bbox 449 2946 924 2980">
     <span class='ocr_line' id='line_1_3' title="bbox 449 2946 924 2980; baseline 0.006 -3"><span class='ocrx_word' id='word_1_6' title='bbox 449 2947 546 2977; x_wconf 69' lang='lat' dir='ltr'>stude</span> <span class='ocrx_word' id='word_1_7' title='bbox 565 2946 750 2979; x_wconf 78' lang='lat' dir='ltr'>SCEHLB</span> <span class='ocrx_word' id='word_1_8' title='bbox 798 2949 878 2980; x_wconf 81' lang='lat' dir='ltr'>time</span> <span class='ocrx_word' id='word_1_9' title='bbox 899 2948 924 2980; x_wconf 83' lang='lat' dir='ltr'>F</span> 
     </span>
    </p>
   </div>
   <div class='ocr_carea' id='block_1_4' title="bbox 723 294 1642 338">
    <p class='ocr_par' dir='ltr' id='par_1_4' title="bbox 723 294 1642 338">
     <span class='ocr_line' id='line_1_4' title="bbox 723 294 1642 338; baseline -0.004 0"><span class='ocrx_word' id='word_1_10' title='bbox 723 295 894 338; x_wconf 90' lang='lat' dir='ltr'><strong>CARM</strong></span> <span class='ocrx_word' id='word_1_11' title='bbox 904 295 981 335; x_wconf 88' lang='lat' dir='ltr'>EN</span> <span class='ocrx_word' id='word_1_12' title='bbox 1025 295 1101 335; x_wconf 86' lang='lat' dir='ltr'>SU</span> <span class='ocrx_word' id='word_1_13' title='bbox 1113 295 1229 335; x_wconf 84' lang='lat' dir='ltr'>PER</span> <span class='ocrx_word' id='word_1_14' title='bbox 1273 294 1642 336; x_wconf 91' lang='lat' dir='ltr'>MULTIPLICI</span> 
     </span>
    </p>
   </div>
   <div class='ocr_carea' id='block_1_5' title="bbox 556 400 1682 910">
    <p class='ocr_par' dir='ltr' id='par_1_5' title="bbox 556 400 1646 648">
     <span class='ocr_line' id='line_1_5' title="bbox 557 400 1646 451; baseline -0.001 -11"><span class='ocrx_word' id='word_1_15' title='bbox 557 404 650 440; x_wconf 91' lang='lat' dir='ltr'>Non</span> <span class='ocrx_word' id='word_1_16' title='bbox 680 403 842 441; x_wconf 79' lang='lat' dir='ltr'>tenebre</span> <span class='ocrx_word' id='word_1_17' title='bbox 871 403 996 439; x_wconf 86' lang='lat' dir='ltr'>solem</span> <span class='ocrx_word' id='word_1_18' title='bbox 1025 401 1197 451; x_wconf 86' lang='lat' dir='ltr'>capiunt,</span> <span class='ocrx_word' id='word_1_19' title='bbox 1229 414 1310 439; x_wconf 90' lang='lat' dir='ltr'>non</span> <span class='ocrx_word' id='word_1_20' title='bbox 1339 400 1490 439; x_wconf 89' lang='lat' dir='ltr'>lumina</span> <span class='ocrx_word' id='word_1_21' title='bbox 1518 413 1646 448; x_wconf 85' lang='lat' dir='ltr'>cecus,</span> 
     </span>
     <span class='ocr_line' id='line_1_6' title="bbox 558 465 1509 517; baseline -0.002 -11"><span class='ocrx_word' id='word_1_22' title='bbox 558 469 703 506; x_wconf 90' lang='lat' dir='ltr'>Infima</span> <span class='ocrx_word' id='word_1_23' title='bbox 732 480 843 505; x_wconf 87' lang='lat' dir='ltr'>mens</span> <span class='ocrx_word' id='word_1_24' title='bbox 873 465 1047 504; x_wconf 91' lang='lat' dir='ltr'>hominis</span> <span class='ocrx_word' id='word_1_25' title='bbox 1076 479 1151 505; x_wconf 92' lang='lat' dir='ltr'>nec</span> <span class='ocrx_word' id='word_1_26' title='bbox 1180 466 1285 517; x_wconf 84' lang='lat' dir='ltr'>capit</span> <span class='ocrx_word' id='word_1_27' title='bbox 1313 468 1391 504; x_wconf 87' lang='lat' dir='ltr'>alta</span> <span class='ocrx_word' id='word_1_28' title='bbox 1420 466 1509 505; x_wconf 85' lang='lat' dir='ltr'>dei:</span> 
     </span>
     <span class='ocr_line' id='line_1_7' title="bbox 558 531 1630 583; baseline -0.002 -12"><span class='ocrx_word' id='word_1_29' title='bbox 558 535 714 583; x_wconf 85' lang='lat' dir='ltr'>Nempe</span> <span class='ocrx_word' id='word_1_30' title='bbox 744 532 842 571; x_wconf 86' lang='lat' dir='ltr'>sacri</span> <span class='ocrx_word' id='word_1_31' title='bbox 871 533 986 570; x_wconf 89' lang='lat' dir='ltr'>flatus</span> <span class='ocrx_word' id='word_1_32' title='bbox 1015 533 1232 570; x_wconf 87' lang='lat' dir='ltr'>archanum</span> <span class='ocrx_word' id='word_1_33' title='bbox 1261 531 1396 571; x_wconf 90' lang='lat' dir='ltr'>nobile</span> <span class='ocrx_word' id='word_1_34' title='bbox 1425 544 1630 582; x_wconf 89' lang='lat' dir='ltr'>nunquam</span> 
     </span>
     <span class='ocr_line' id='line_1_8' title="bbox 556 597 1442 648; baseline 0 -12"><span class='ocrx_word' id='word_1_35' title='bbox 556 598 726 636; x_wconf 82' lang='lat' dir='ltr'>Scrutari</span> <span class='ocrx_word' id='word_1_36' title='bbox 755 598 889 645; x_wconf 88' lang='lat' dir='ltr'>debes,</span> <span class='ocrx_word' id='word_1_37' title='bbox 922 599 1031 648; x_wconf 92' lang='lat' dir='ltr'>quod</span> <span class='ocrx_word' id='word_1_38' title='bbox 1060 605 1265 648; x_wconf 90' lang='lat' dir='ltr'>penetrare</span> <span class='ocrx_word' id='word_1_39' title='bbox 1291 597 1442 648; x_wconf 85' lang='lat' dir='ltr'>nequis.</span> 
     </span>
    </p>

    <p class='ocr_par' dir='ltr' id='par_1_6' title="bbox 557 663 1682 768">
     <span class='ocr_line' id='line_1_9' title="bbox 558 663 1682 714; baseline -0.001 -12"><span class='ocrx_word' id='word_1_40' title='bbox 558 665 661 703; x_wconf 87' lang='lat' dir='ltr'>Cum</span> <span class='ocrx_word' id='word_1_41' title='bbox 691 677 773 701; x_wconf 91' lang='lat' dir='ltr'>non</span> <span class='ocrx_word' id='word_1_42' title='bbox 803 663 851 702; x_wconf 89' lang='lat' dir='ltr'>sit</span> <span class='ocrx_word' id='word_1_43' title='bbox 880 671 1058 702; x_wconf 90' lang='lat' dir='ltr'>nostrum</span> <span class='ocrx_word' id='word_1_44' title='bbox 1087 665 1149 702; x_wconf 91' lang='lat' dir='ltr'>vel</span> <span class='ocrx_word' id='word_1_45' title='bbox 1178 663 1318 702; x_wconf 91' lang='lat' dir='ltr'>mundi</span> <span class='ocrx_word' id='word_1_46' title='bbox 1347 671 1527 714; x_wconf 85' lang='lat' dir='ltr'>tempora</span> <span class='ocrx_word' id='word_1_47' title='bbox 1554 676 1682 710; x_wconf 86' lang='lat' dir='ltr'>nosse,</span> 
     </span>
     <span class='ocr_line' id='line_1_10' title="bbox 557 729 1409 768; baseline 0.002 -3"><span class='ocrx_word' id='word_1_48' title='bbox 557 730 674 768; x_wconf 85' lang='lat' dir='ltr'>Vnde</span> <span class='ocrx_word' id='word_1_49' title='bbox 703 737 899 767; x_wconf 89' lang='lat' dir='ltr'>creaturas</span> <span class='ocrx_word' id='word_1_50' title='bbox 929 742 1046 768; x_wconf 87' lang='lat' dir='ltr'>nosse</span> <span class='ocrx_word' id='word_1_51' title='bbox 1075 729 1228 768; x_wconf 89' lang='lat' dir='ltr'>laborat</span> <span class='ocrx_word' id='word_1_52' title='bbox 1256 730 1409 767; x_wconf 87' lang='lat' dir='ltr'>homo?</span> 
     </span>
    </p>

    <p class='ocr_par' dir='ltr' id='par_1_7' title="bbox 557 794 1556 845">
     <span class='ocr_line' id='line_1_11' title="bbox 557 794 1556 845; baseline -0.001 -12"><span class='ocrx_word' id='word_1_53' title='bbox 557 796 643 833; x_wconf 91' lang='lat' dir='ltr'>Nos</span> <span class='ocrx_word' id='word_1_54' title='bbox 674 794 817 833; x_wconf 89' lang='lat' dir='ltr'>sentire</span> <span class='ocrx_word' id='word_1_55' title='bbox 847 796 969 833; x_wconf 88' lang='lat' dir='ltr'>fidem</span> <span class='ocrx_word' id='word_1_56' title='bbox 998 802 1133 833; x_wconf 88' lang='lat' dir='ltr'>nostra</span> <span class='ocrx_word' id='word_1_57' title='bbox 1160 794 1319 833; x_wconf 83' lang='lat' dir='ltr'>racione</span> <span class='ocrx_word' id='word_1_58' title='bbox 1348 794 1556 845; x_wconf 89' lang='lat' dir='ltr'>probatam</span> 
     </span>
    </p>

    <p class='ocr_par' dir='ltr' id='par_1_8' title="bbox 558 859 1452 910">
     <span class='ocr_line' id='line_1_12' title="bbox 558 859 1452 910; baseline -0.001 -12"><span class='ocrx_word' id='word_1_59' title='bbox 558 861 651 898; x_wconf 89' lang='lat' dir='ltr'>Non</span> <span class='ocrx_word' id='word_1_60' title='bbox 680 861 780 898; x_wconf 89' lang='lat' dir='ltr'>foret</span> <span class='ocrx_word' id='word_1_61' title='bbox 809 859 992 898; x_wconf 89' lang='lat' dir='ltr'>humanis</span> <span class='ocrx_word' id='word_1_62' title='bbox 1021 859 1168 898; x_wconf 87' lang='lat' dir='ltr'>viribus</span> <span class='ocrx_word' id='word_1_63' title='bbox 1197 859 1294 899; x_wconf 90' lang='lat' dir='ltr'>illud</span> <span class='ocrx_word' id='word_1_64' title='bbox 1324 872 1452 910; x_wconf 80' lang='lat' dir='ltr'>opus3</span> 
     </span>
    </p>
   </div>
   <div class='ocr_carea' id='block_1_6' title="bbox 558 926 1698 976">
    <p class='ocr_par' dir='ltr' id='par_1_9' title="bbox 558 926 1698 976">
     <span class='ocr_line' id='line_1_13' title="bbox 558 926 1698 976; baseline -0.001 -13"><span class='ocrx_word' id='word_1_65' title='bbox 558 927 794 964; x_wconf 90' lang='lat' dir='ltr'>Humanum</span> <span class='ocrx_word' id='word_1_66' title='bbox 824 938 906 964; x_wconf 94' lang='lat' dir='ltr'>non</span> <span class='ocrx_word' id='word_1_67' title='bbox 936 933 995 964; x_wconf 90' lang='lat' dir='ltr'>est</span> <span class='ocrx_word' id='word_1_68' title='bbox 1024 939 1124 976; x_wconf 89' lang='lat' dir='ltr'>opus</span> <span class='ocrx_word' id='word_1_69' title='bbox 1154 934 1194 964; x_wconf 91' lang='lat' dir='ltr'>vt</span> <span class='ocrx_word' id='word_1_70' title='bbox 1223 926 1476 964; x_wconf 80' lang='lat' dir='ltr'>transcendat</span> <span class='ocrx_word' id='word_1_71' title='bbox 1504 926 1556 964; x_wconf 89' lang='lat' dir='ltr'>ad</span> <span class='ocrx_word' id='word_1_72' title='bbox 1585 933 1698 971; x_wconf 88' lang='lat' dir='ltr'>astra,</span> 
     </span>
    </p>
   </div>
   <div class='ocr_carea' id='block_1_7' title="bbox 556 990 1690 2472">
    <p class='ocr_par' dir='ltr' id='par_1_10' title="bbox 556 990 1667 1953">
     <span class='ocr_line' id='line_1_14' title="bbox 557 990 1495 1041; baseline 0 -12"><span class='ocrx_word' id='word_1_73' title='bbox 557 992 679 1039; x_wconf 82' lang='lat' dir='ltr'>Quod</span> <span class='ocrx_word' id='word_1_74' title='bbox 710 991 884 1029; x_wconf 88' lang='lat' dir='ltr'>mortalis</span> <span class='ocrx_word' id='word_1_75' title='bbox 914 992 1036 1029; x_wconf 91' lang='lat' dir='ltr'>homo</span> <span class='ocrx_word' id='word_1_76' title='bbox 1066 1004 1148 1029; x_wconf 91' lang='lat' dir='ltr'>non</span> <span class='ocrx_word' id='word_1_77' title='bbox 1177 990 1335 1029; x_wconf 86' lang='lat' dir='ltr'>racione</span> <span class='ocrx_word' id='word_1_78' title='bbox 1364 990 1495 1041; x_wconf 84' lang='lat' dir='ltr'>capit:</span> 
     </span>
     <span class='ocr_line' id='line_1_15' title="bbox 558 1056 1485 1106; baseline 0 -12"><span class='ocrx_word' id='word_1_79' title='bbox 558 1056 769 1106; x_wconf 85' lang='lat' dir='ltr'>Ingenium</span> <span class='ocrx_word' id='word_1_80' title='bbox 797 1064 906 1095; x_wconf 90' lang='lat' dir='ltr'>tante</span> <span class='ocrx_word' id='word_1_81' title='bbox 935 1056 1073 1095; x_wconf 85' lang='lat' dir='ltr'>transit</span> <span class='ocrx_word' id='word_1_82' title='bbox 1100 1056 1252 1095; x_wconf 88' lang='lat' dir='ltr'>virtutis</span> <span class='ocrx_word' id='word_1_83' title='bbox 1281 1056 1322 1094; x_wconf 91' lang='lat' dir='ltr'>in</span> <span class='ocrx_word' id='word_1_84' title='bbox 1349 1057 1485 1103; x_wconf 91' lang='lat' dir='ltr'>altum,</span> 
     </span>
     <span class='ocr_line' id='line_1_16' title="bbox 556 1121 1429 1173; baseline 0.001 -14"><span class='ocrx_word' id='word_1_85' title='bbox 556 1124 592 1159; x_wconf 91' lang='lat' dir='ltr'>T</span> <span class='ocrx_word' id='word_1_86' title='bbox 595 1121 804 1160; x_wconf 87' lang='lat' dir='ltr'>ranscurrit</span> <span class='ocrx_word' id='word_1_87' title='bbox 833 1136 1007 1173; x_wconf 86' lang='lat' dir='ltr'>superos,</span> <span class='ocrx_word' id='word_1_88' title='bbox 1038 1122 1080 1160; x_wconf 89' lang='lat' dir='ltr'>in</span> <span class='ocrx_word' id='word_1_89' title='bbox 1108 1122 1255 1161; x_wconf 86' lang='lat' dir='ltr'>deitate</span> <span class='ocrx_word' id='word_1_90' title='bbox 1284 1130 1429 1161; x_wconf 90' lang='lat' dir='ltr'>manet.</span> 
     </span>
     <span class='ocr_line' id='line_1_17' title="bbox 558 1186 1617 1238; baseline 0 -13"><span class='ocrx_word' id='word_1_91' title='bbox 558 1187 638 1236; x_wconf 77' lang='lat' dir='ltr'>Qui</span> <span class='ocrx_word' id='word_1_92' title='bbox 668 1187 867 1238; x_wconf 83' lang='lat' dir='ltr'>sapienter</span> <span class='ocrx_word' id='word_1_93' title='bbox 895 1187 984 1237; x_wconf 86' lang='lat' dir='ltr'>agit,</span> <span class='ocrx_word' id='word_1_94' title='bbox 1017 1186 1143 1238; x_wconf 92' lang='lat' dir='ltr'>sapiat</span> <span class='ocrx_word' id='word_1_95' title='bbox 1173 1189 1425 1226; x_wconf 87' lang='lat' dir='ltr'>moderanter</span> <span class='ocrx_word' id='word_1_96' title='bbox 1454 1187 1494 1225; x_wconf 93' lang='lat' dir='ltr'>in</span> <span class='ocrx_word' id='word_1_97' title='bbox 1523 1187 1617 1234; x_wconf 87' lang='lat' dir='ltr'>istis,</span> 
     </span>
     <span class='ocr_line' id='line_1_18' title="bbox 558 1252 1485 1303; baseline 0.001 -13"><span class='ocrx_word' id='word_1_98' title='bbox 558 1255 736 1291; x_wconf 84' lang='lat' dir='ltr'>Postulet</span> <span class='ocrx_word' id='word_1_99' title='bbox 764 1260 804 1291; x_wconf 84' lang='lat' dir='ltr'>vt:</span> <span class='ocrx_word' id='word_1_100' title='bbox 833 1260 980 1292; x_wconf 91' lang='lat' dir='ltr'>rectam</span> <span class='ocrx_word' id='word_1_101' title='bbox 1010 1252 1135 1303; x_wconf 84' lang='lat' dir='ltr'>possit</span> <span class='ocrx_word' id='word_1_102' title='bbox 1163 1253 1310 1291; x_wconf 91' lang='lat' dir='ltr'>habere</span> <span class='ocrx_word' id='word_1_103' title='bbox 1339 1254 1485 1292; x_wconf 89' lang='lat' dir='ltr'>fidem:</span> 
     </span>
     <span class='ocr_line' id='line_1_19' title="bbox 557 1318 1524 1369; baseline -0.001 -12"><span class='ocrx_word' id='word_1_104' title='bbox 557 1318 793 1357; x_wconf 88' lang='lat' dir='ltr'>Committat</span> <span class='ocrx_word' id='word_1_105' title='bbox 822 1318 915 1356; x_wconf 87' lang='lat' dir='ltr'>fidei</span> <span class='ocrx_word' id='word_1_106' title='bbox 944 1320 1054 1369; x_wconf 91' lang='lat' dir='ltr'>quod</span> <span class='ocrx_word' id='word_1_107' title='bbox 1083 1331 1165 1357; x_wconf 92' lang='lat' dir='ltr'>non</span> <span class='ocrx_word' id='word_1_108' title='bbox 1194 1318 1338 1369; x_wconf 89' lang='lat' dir='ltr'>poterit</span> <span class='ocrx_word' id='word_1_109' title='bbox 1365 1318 1524 1365; x_wconf 89' lang='lat' dir='ltr'>racioni,</span> 
     </span>
     <span class='ocr_line' id='line_1_20' title="bbox 557 1383 1512 1432; baseline 0.001 -11"><span class='ocrx_word' id='word_1_110' title='bbox 557 1385 680 1432; x_wconf 84' lang='lat' dir='ltr'>Quod</span> <span class='ocrx_word' id='word_1_111' title='bbox 710 1397 791 1421; x_wconf 91' lang='lat' dir='ltr'>non</span> <span class='ocrx_word' id='word_1_112' title='bbox 821 1385 889 1422; x_wconf 87' lang='lat' dir='ltr'>dat</span> <span class='ocrx_word' id='word_1_113' title='bbox 917 1383 1034 1431; x_wconf 87' lang='lat' dir='ltr'>racio,</span> <span class='ocrx_word' id='word_1_114' title='bbox 1066 1385 1133 1423; x_wconf 88' lang='lat' dir='ltr'>det</span> <span class='ocrx_word' id='word_1_115' title='bbox 1162 1383 1234 1422; x_wconf 90' lang='lat' dir='ltr'>tibi</span> <span class='ocrx_word' id='word_1_116' title='bbox 1262 1384 1375 1422; x_wconf 92' lang='lat' dir='ltr'>firma</span> <span class='ocrx_word' id='word_1_117' title='bbox 1403 1385 1512 1422; x_wconf 90' lang='lat' dir='ltr'>fides.</span> 
     </span>
     <span class='ocr_line' id='line_1_21' title="bbox 557 1449 1667 1497; baseline 0 -10"><span class='ocrx_word' id='word_1_118' title='bbox 557 1450 679 1497; x_wconf 84' lang='lat' dir='ltr'>Quod</span> <span class='ocrx_word' id='word_1_119' title='bbox 709 1450 827 1487; x_wconf 89' lang='lat' dir='ltr'>docet</span> <span class='ocrx_word' id='word_1_120' title='bbox 856 1449 1023 1487; x_wconf 87' lang='lat' dir='ltr'>ecclesia</span> <span class='ocrx_word' id='word_1_121' title='bbox 1051 1457 1094 1487; x_wconf 90' lang='lat' dir='ltr'>tu</span> <span class='ocrx_word' id='word_1_122' title='bbox 1123 1457 1278 1487; x_wconf 90' lang='lat' dir='ltr'>tantum</span> <span class='ocrx_word' id='word_1_123' title='bbox 1307 1449 1434 1496; x_wconf 89' lang='lat' dir='ltr'>crede,</span> <span class='ocrx_word' id='word_1_124' title='bbox 1467 1462 1541 1488; x_wconf 89' lang='lat' dir='ltr'>nec</span> <span class='ocrx_word' id='word_1_125' title='bbox 1569 1451 1667 1487; x_wconf 87' lang='lat' dir='ltr'>vltra</span> 
     </span>
     <span class='ocr_line' id='line_1_22' title="bbox 557 1513 1642 1563; baseline 0.002 -12"><span class='ocrx_word' id='word_1_126' title='bbox 557 1515 690 1562; x_wconf 86' lang='lat' dir='ltr'>Quam</span> <span class='ocrx_word' id='word_1_127' title='bbox 720 1513 791 1552; x_wconf 89' lang='lat' dir='ltr'>tibi</span> <span class='ocrx_word' id='word_1_128' title='bbox 821 1513 919 1552; x_wconf 88' lang='lat' dir='ltr'>scire</span> <span class='ocrx_word' id='word_1_129' title='bbox 949 1515 1064 1552; x_wconf 87' lang='lat' dir='ltr'>datur</span> <span class='ocrx_word' id='word_1_130' title='bbox 1093 1515 1474 1563; x_wconf 88' lang='lat' dir='ltr'>quomodocumque</span> <span class='ocrx_word' id='word_1_131' title='bbox 1504 1516 1642 1553; x_wconf 87' lang='lat' dir='ltr'>stude:</span> 
     </span>
     <span class='ocr_line' id='line_1_23' title="bbox 557 1578 1554 1626; baseline 0 -10"><span class='ocrx_word' id='word_1_132' title='bbox 557 1578 707 1617; x_wconf 78' lang='lat' dir='ltr'>Sufficit</span> <span class='ocrx_word' id='word_1_133' title='bbox 733 1586 774 1617; x_wconf 82' lang='lat' dir='ltr'>vt</span> <span class='ocrx_word' id='word_1_134' title='bbox 803 1580 951 1626; x_wconf 88' lang='lat' dir='ltr'>credas,</span> <span class='ocrx_word' id='word_1_135' title='bbox 983 1586 1042 1617; x_wconf 90' lang='lat' dir='ltr'>est</span> <span class='ocrx_word' id='word_1_136' title='bbox 1070 1592 1131 1617; x_wconf 89' lang='lat' dir='ltr'>ars</span> <span class='ocrx_word' id='word_1_137' title='bbox 1159 1578 1226 1617; x_wconf 89' lang='lat' dir='ltr'>vbi</span> <span class='ocrx_word' id='word_1_138' title='bbox 1255 1581 1363 1617; x_wconf 90' lang='lat' dir='ltr'>nulla</span> <span class='ocrx_word' id='word_1_139' title='bbox 1392 1579 1554 1625; x_wconf 86' lang='lat' dir='ltr'>sciendi,</span> 
     </span>
     <span class='ocr_line' id='line_1_24' title="bbox 558 1643 1615 1694; baseline 0.001 -13"><span class='ocrx_word' id='word_1_140' title='bbox 558 1646 719 1693; x_wconf 86' lang='lat' dir='ltr'>Quanta</span> <span class='ocrx_word' id='word_1_141' title='bbox 748 1651 879 1694; x_wconf 89' lang='lat' dir='ltr'>potest</span> <span class='ocrx_word' id='word_1_142' title='bbox 907 1643 1095 1683; x_wconf 90' lang='lat' dir='ltr'>dominus</span> <span class='ocrx_word' id='word_1_143' title='bbox 1125 1643 1222 1682; x_wconf 92' lang='lat' dir='ltr'>scire</span> <span class='ocrx_word' id='word_1_144' title='bbox 1252 1657 1325 1682; x_wconf 91' lang='lat' dir='ltr'>nec</span> <span class='ocrx_word' id='word_1_145' title='bbox 1355 1646 1454 1682; x_wconf 91' lang='lat' dir='ltr'>vllus</span> <span class='ocrx_word' id='word_1_146' title='bbox 1485 1644 1615 1683; x_wconf 88' lang='lat' dir='ltr'>habet.</span> 
     </span>
     <span class='ocr_line' id='line_1_25' title="bbox 558 1709 1652 1760; baseline 0 -13"><span class='ocrx_word' id='word_1_147' title='bbox 558 1710 628 1747; x_wconf 89' lang='lat' dir='ltr'>Est</span> <span class='ocrx_word' id='word_1_148' title='bbox 657 1710 756 1748; x_wconf 89' lang='lat' dir='ltr'>deus</span> <span class='ocrx_word' id='word_1_149' title='bbox 785 1709 1050 1760; x_wconf 91' lang='lat' dir='ltr'>omnipotens,</span> <span class='ocrx_word' id='word_1_150' title='bbox 1082 1717 1121 1748; x_wconf 92' lang='lat' dir='ltr'>et</span> <span class='ocrx_word' id='word_1_151' title='bbox 1150 1709 1218 1760; x_wconf 93' lang='lat' dir='ltr'>qui</span> <span class='ocrx_word' id='word_1_152' title='bbox 1243 1717 1361 1760; x_wconf 88' lang='lat' dir='ltr'>negat</span> <span class='ocrx_word' id='word_1_153' title='bbox 1389 1709 1652 1760; x_wconf 86' lang='lat' dir='ltr'>omnipotenti</span> 
     </span>
     <span class='ocr_line' id='line_1_26' title="bbox 558 1774 1522 1824; baseline 0 -12"><span class='ocrx_word' id='word_1_154' title='bbox 558 1774 729 1813; x_wconf 89' lang='lat' dir='ltr'>Credere</span> <span class='ocrx_word' id='word_1_155' title='bbox 758 1786 886 1824; x_wconf 88' lang='lat' dir='ltr'>posse,</span> <span class='ocrx_word' id='word_1_156' title='bbox 918 1786 1034 1812; x_wconf 88' lang='lat' dir='ltr'>suum</span> <span class='ocrx_word' id='word_1_157' title='bbox 1063 1775 1232 1824; x_wconf 86' lang='lat' dir='ltr'>denegat</span> <span class='ocrx_word' id='word_1_158' title='bbox 1261 1787 1346 1812; x_wconf 87' lang='lat' dir='ltr'>esse</span> <span class='ocrx_word' id='word_1_159' title='bbox 1375 1775 1522 1822; x_wconf 70' lang='lat' dir='ltr'>deum,</span> 
     </span>
     <span class='ocr_line' id='line_1_27' title="bbox 557 1837 1516 1878; baseline 0.001 -3"><span class='ocrx_word' id='word_1_160' title='bbox 557 1837 621 1876; x_wconf 84' lang='lat' dir='ltr'>Sic</span> <span class='ocrx_word' id='word_1_161' title='bbox 651 1837 898 1876; x_wconf 89' lang='lat' dir='ltr'>incarnatum</span> <span class='ocrx_word' id='word_1_162' title='bbox 929 1846 971 1876; x_wconf 89' lang='lat' dir='ltr'>tu</span> <span class='ocrx_word' id='word_1_163' title='bbox 1000 1837 1123 1877; x_wconf 89' lang='lat' dir='ltr'>debes</span> <span class='ocrx_word' id='word_1_164' title='bbox 1153 1840 1313 1877; x_wconf 86' lang='lat' dir='ltr'>credere</span> <span class='ocrx_word' id='word_1_165' title='bbox 1343 1838 1516 1878; x_wconf 90' lang='lat' dir='ltr'>Cristum</span> 
     </span>
     <span class='ocr_line' id='line_1_28' title="bbox 556 1902 1497 1953; baseline 0.002 -14"><span class='ocrx_word' id='word_1_166' title='bbox 556 1902 727 1953; x_wconf 79' lang='lat' dir='ltr'>Virginis</span> <span class='ocrx_word' id='word_1_167' title='bbox 757 1916 804 1941; x_wconf 85' lang='lat' dir='ltr'>ex</span> <span class='ocrx_word' id='word_1_168' title='bbox 832 1910 952 1950; x_wconf 89' lang='lat' dir='ltr'>vtero,</span> <span class='ocrx_word' id='word_1_169' title='bbox 984 1902 1053 1953; x_wconf 90' lang='lat' dir='ltr'>qui</span> <span class='ocrx_word' id='word_1_170' title='bbox 1082 1904 1180 1942; x_wconf 91' lang='lat' dir='ltr'>deus</span> <span class='ocrx_word' id='word_1_171' title='bbox 1210 1911 1268 1941; x_wconf 87' lang='lat' dir='ltr'>est</span> <span class='ocrx_word' id='word_1_172' title='bbox 1297 1911 1336 1941; x_wconf 88' lang='lat' dir='ltr'>et</span> <span class='ocrx_word' id='word_1_173' title='bbox 1364 1904 1497 1941; x_wconf 89' lang='lat' dir='ltr'>homo.</span> 
     </span>
    </p>

    <p class='ocr_par' dir='ltr' id='par_1_11' title="bbox 556 1967 1690 2472">
     <span class='ocr_line' id='line_1_29' title="bbox 610 1967 1690 2019; baseline 0.002 -14"><span class='ocrx_word' id='word_1_174' title='bbox 610 1968 680 2006; x_wconf 86' lang='lat' dir='ltr'>Vis</span> <span class='ocrx_word' id='word_1_175' title='bbox 710 1970 841 2007; x_wconf 85' lang='lat' dir='ltr'>saluus</span> <span class='ocrx_word' id='word_1_176' title='bbox 871 1967 988 2007; x_wconf 80' lang='lat' dir='ltr'>fieri?</span> <span class='ocrx_word' id='word_1_177' title='bbox 1025 1975 1142 2019; x_wconf 90' lang='lat' dir='ltr'>pete,</span> <span class='ocrx_word' id='word_1_178' title='bbox 1174 1970 1302 2015; x_wconf 87' lang='lat' dir='ltr'>crede,</span> <span class='ocrx_word' id='word_1_179' title='bbox 1334 1970 1469 2007; x_wconf 88' lang='lat' dir='ltr'>stude</span> <span class='ocrx_word' id='word_1_180' title='bbox 1498 1969 1664 2007; x_wconf 86' lang='lat' dir='ltr'>reuereri</span> <span class='ocrx_word' id='word_1_181' title='bbox 1679 1984 1690 2017; x_wconf 75' lang='lat'><em>3</em></span> 
     </span>
     <span class='ocr_line' id='line_1_30' title="bbox 556 2033 1463 2084; baseline 0.001 -13"><span class='ocrx_word' id='word_1_182' title='bbox 556 2033 721 2083; x_wconf 85' lang='lat' dir='ltr'>Absque</span> <span class='ocrx_word' id='word_1_183' title='bbox 750 2033 874 2083; x_wconf 87' lang='lat' dir='ltr'>magis</span> <span class='ocrx_word' id='word_1_184' title='bbox 903 2033 1015 2083; x_wconf 90' lang='lat' dir='ltr'>queri</span> <span class='ocrx_word' id='word_1_185' title='bbox 1043 2035 1105 2072; x_wconf 85' lang='lat' dir='ltr'>lex</span> <span class='ocrx_word' id='word_1_186' title='bbox 1133 2033 1243 2073; x_wconf 88' lang='lat' dir='ltr'>iubet</span> <span class='ocrx_word' id='word_1_187' title='bbox 1271 2033 1345 2072; x_wconf 87' lang='lat' dir='ltr'>ista</span> <span class='ocrx_word' id='word_1_188' title='bbox 1373 2034 1463 2084; x_wconf 88' lang='lat' dir='ltr'>geri.</span> 
     </span>
     <span class='ocr_line' id='line_1_31' title="bbox 558 2098 1447 2149; baseline 0.002 -13"><span class='ocrx_word' id='word_1_189' title='bbox 558 2100 654 2136; x_wconf 87' lang='lat' dir='ltr'>Has</span> <span class='ocrx_word' id='word_1_190' title='bbox 683 2098 868 2136; x_wconf 87' lang='lat' dir='ltr'>fantasias</span> <span class='ocrx_word' id='word_1_191' title='bbox 895 2098 1007 2137; x_wconf 91' lang='lat' dir='ltr'>aliter</span> <span class='ocrx_word' id='word_1_192' title='bbox 1035 2112 1123 2149; x_wconf 89' lang='lat' dir='ltr'>que</span> <span class='ocrx_word' id='word_1_193' title='bbox 1151 2100 1248 2138; x_wconf 91' lang='lat' dir='ltr'>dant</span> <span class='ocrx_word' id='word_1_194' title='bbox 1277 2099 1447 2138; x_wconf 88' lang='lat' dir='ltr'>heresias</span> 
     </span>
     <span class='ocr_line' id='line_1_32' title="bbox 557 2163 1412 2214; baseline 0.002 -13"><span class='ocrx_word' id='word_1_195' title='bbox 557 2165 760 2214; x_wconf 88' lang='lat' dir='ltr'>Dampnat</span> <span class='ocrx_word' id='word_1_196' title='bbox 789 2163 968 2210; x_wconf 86' lang='lat' dir='ltr'>Messias,</span> <span class='ocrx_word' id='word_1_197' title='bbox 999 2163 1152 2202; x_wconf 89' lang='lat' dir='ltr'>sobrius</span> <span class='ocrx_word' id='word_1_198' title='bbox 1181 2177 1273 2214; x_wconf 87' lang='lat' dir='ltr'>ergo</span> <span class='ocrx_word' id='word_1_199' title='bbox 1302 2164 1412 2203; x_wconf 89' lang='lat' dir='ltr'>scias.</span> 
     </span>
     <span class='ocr_line' id='line_1_33' title="bbox 557 2227 1640 2279; baseline 0.002 -14"><span class='ocrx_word' id='word_1_200' title='bbox 557 2229 756 2278; x_wconf 89' lang='lat' dir='ltr'>Tempore</span> <span class='ocrx_word' id='word_1_201' title='bbox 786 2227 959 2275; x_wconf 75' lang='lat' dir='ltr'>Ricarffl,</span> <span class='ocrx_word' id='word_1_202' title='bbox 991 2241 1108 2278; x_wconf 91' lang='lat' dir='ltr'>super</span> <span class='ocrx_word' id='word_1_203' title='bbox 1136 2228 1211 2267; x_wconf 90' lang='lat' dir='ltr'>hiis</span> <span class='ocrx_word' id='word_1_204' title='bbox 1241 2243 1318 2279; x_wconf 87' lang='lat' dir='ltr'>que</span> <span class='ocrx_word' id='word_1_205' title='bbox 1351 2231 1429 2268; x_wconf 89' lang='lat' dir='ltr'>fata</span> <span class='ocrx_word' id='word_1_206' title='bbox 1457 2231 1640 2276; x_wconf 84' lang='lat' dir='ltr'>tulerunt,</span> 
     </span>
     <span class='ocr_line' id='line_1_34' title="bbox 558 2293 1410 2333; baseline 0.002 -2"><span class='ocrx_word' id='word_1_207' title='bbox 558 2293 753 2332; x_wconf 76' lang='lat' dir='ltr'>Scismata</span> <span class='ocrx_word' id='word_1_208' title='bbox 782 2293 937 2332; x_wconf 90' lang='lat' dir='ltr'>lollardi</span> <span class='ocrx_word' id='word_1_209' title='bbox 965 2294 1017 2332; x_wconf 88' lang='lat' dir='ltr'>de</span> <span class='ocrx_word' id='word_1_210' title='bbox 1046 2293 1223 2332; x_wconf 87' lang='lat' dir='ltr'>nouitate</span> <span class='ocrx_word' id='word_1_211' title='bbox 1253 2302 1410 2333; x_wconf 89' lang='lat' dir='ltr'>serunt:</span> 
     </span>
     <span class='ocr_line' id='line_1_35' title="bbox 557 2358 1546 2410; baseline 0.001 -13"><span class='ocrx_word' id='word_1_212' title='bbox 557 2358 701 2397; x_wconf 89' lang='lat' dir='ltr'>Obstet</span> <span class='ocrx_word' id='word_1_213' title='bbox 729 2358 931 2409; x_wconf 88' lang='lat' dir='ltr'>principiis</span> <span class='ocrx_word' id='word_1_214' title='bbox 961 2358 1126 2397; x_wconf 89' lang='lat' dir='ltr'>tribulos</span> <span class='ocrx_word' id='word_1_215' title='bbox 1155 2372 1399 2410; x_wconf 88' lang='lat' dir='ltr'>purgareque</span> <span class='ocrx_word' id='word_1_216' title='bbox 1428 2360 1546 2398; x_wconf 87' lang='lat' dir='ltr'>vadat</span> 
     </span>
     <span class='ocr_line' id='line_1_36' title="bbox 557 2423 1461 2472; baseline 0 -9"><span class='ocrx_word' id='word_1_217' title='bbox 557 2425 697 2463; x_wconf 89' lang='lat' dir='ltr'>Cultor</span> <span class='ocrx_word' id='word_1_218' title='bbox 724 2423 765 2463; x_wconf 90' lang='lat' dir='ltr'>in</span> <span class='ocrx_word' id='word_1_219' title='bbox 794 2423 982 2472; x_wconf 83' lang='lat' dir='ltr'>ecclesiis,</span> <span class='ocrx_word' id='word_1_220' title='bbox 1013 2437 1063 2463; x_wconf 91' lang='lat' dir='ltr'>ne</span> <span class='ocrx_word' id='word_1_221' title='bbox 1092 2437 1181 2464; x_wconf 87' lang='lat' dir='ltr'>rosa</span> <span class='ocrx_word' id='word_1_222' title='bbox 1208 2426 1307 2463; x_wconf 85' lang='lat' dir='ltr'>forte</span> <span class='ocrx_word' id='word_1_223' title='bbox 1336 2426 1461 2463; x_wconf 87' lang='lat' dir='ltr'>cadat.</span> 
     </span>
    </p>
   </div>
   <div class='ocr_carea' id='block_1_8' title="bbox 665 2546 1698 2592">
    <p class='ocr_par' dir='ltr' id='par_1_12' title="bbox 665 2546 1698 2592">
     <span class='ocr_line' id='line_1_37' title="bbox 665 2546 1698 2592; baseline 0.004 -12"><span class='ocrx_word' id='word_1_224' title='bbox 665 2546 825 2583; x_wconf 88' lang='lat' dir='ltr'>Contra</span> <span class='ocrx_word' id='word_1_225' title='bbox 849 2547 1004 2582; x_wconf 82' lang='lat' dir='ltr'>mentis</span> <span class='ocrx_word' id='word_1_226' title='bbox 1030 2548 1239 2583; x_wconf 74' lang='lat' dir='ltr'>Seuiciam</span> <span class='ocrx_word' id='word_1_227' title='bbox 1265 2547 1308 2581; x_wconf 88' lang='lat' dir='ltr'>in</span> <span class='ocrx_word' id='word_1_228' title='bbox 1334 2557 1464 2582; x_wconf 85' lang='lat' dir='ltr'>causa</span> <span class='ocrx_word' id='word_1_229' title='bbox 1491 2548 1698 2592; x_wconf 88' lang='lat' dir='ltr'>Superbie.</span> 
     </span>
    </p>
   </div>
   <div class='ocr_carea' id='block_1_9' title="bbox 558 2622 1673 2867">
    <p class='ocr_par' dir='ltr' id='par_1_13' title="bbox 558 2622 1673 2803">
     <span class='ocr_line' id='line_1_38' title="bbox 612 2622 1673 2674; baseline 0.003 -15"><span class='ocrx_word' id='word_1_230' title='bbox 612 2623 791 2660; x_wconf 80' lang='lat' dir='ltr'>DEFIC1T</span> <span class='ocrx_word' id='word_1_231' title='bbox 820 2622 860 2660; x_wconf 92' lang='lat' dir='ltr'>in</span> <span class='ocrx_word' id='word_1_232' title='bbox 889 2622 1011 2661; x_wconf 90' lang='lat' dir='ltr'>verbo</span> <span class='ocrx_word' id='word_1_233' title='bbox 1041 2635 1189 2669; x_wconf 88' lang='lat' dir='ltr'>sensus,</span> <span class='ocrx_word' id='word_1_234' title='bbox 1221 2635 1302 2672; x_wconf 90' lang='lat' dir='ltr'>quo</span> <span class='ocrx_word' id='word_1_235' title='bbox 1331 2630 1474 2661; x_wconf 89' lang='lat' dir='ltr'>cuncta</span> <span class='ocrx_word' id='word_1_236' title='bbox 1502 2624 1673 2674; x_wconf 89' lang='lat' dir='ltr'>superbo</span> 
     </span>
     <span class='ocr_line' id='line_1_39' title="bbox 558 2686 1628 2738; baseline 0.003 -15"><span class='ocrx_word' id='word_1_237' title='bbox 558 2686 734 2725; x_wconf 71' lang='lat' dir='ltr'>scribere</span> <span class='ocrx_word' id='word_1_238' title='bbox 763 2687 908 2725; x_wconf 77' lang='lat' dir='ltr'>delicta</span> <span class='ocrx_word' id='word_1_239' title='bbox 935 2700 1104 2737; x_wconf 89' lang='lat' dir='ltr'>nequeo,</span> <span class='ocrx_word' id='word_1_240' title='bbox 1135 2701 1214 2738; x_wconf 89' lang='lat' dir='ltr'>que</span> <span class='ocrx_word' id='word_1_241' title='bbox 1243 2695 1333 2725; x_wconf 88' lang='lat' dir='ltr'>sunt</span> <span class='ocrx_word' id='word_1_242' title='bbox 1362 2687 1483 2726; x_wconf 87' lang='lat' dir='ltr'>michi</span> <span class='ocrx_word' id='word_1_243' title='bbox 1512 2688 1628 2727; x_wconf 86' lang='lat' dir='ltr'>dicta.</span> 
     </span>
     <span class='ocr_line' id='line_1_40' title="bbox 562 2750 1412 2803; baseline 0.002 -14"><span class='ocrx_word' id='word_1_244' title='bbox 562 2750 687 2789; x_wconf 83' lang='lat' dir='ltr'>Radix</span> <span class='ocrx_word' id='word_1_245' title='bbox 715 2752 868 2801; x_wconf 88' lang='lat' dir='ltr'>peccati</span> <span class='ocrx_word' id='word_1_246' title='bbox 896 2752 969 2790; x_wconf 90' lang='lat' dir='ltr'>fuit</span> <span class='ocrx_word' id='word_1_247' title='bbox 997 2752 1062 2791; x_wconf 89' lang='lat' dir='ltr'>ille</span> <span class='ocrx_word' id='word_1_248' title='bbox 1090 2752 1196 2803; x_wconf 91' lang='lat' dir='ltr'>prius</span> <span class='ocrx_word' id='word_1_249' title='bbox 1225 2753 1412 2800; x_wconf 88' lang='lat' dir='ltr'>scelerati,</span> 
     </span>
    </p>

    <p class='ocr_par' dir='ltr' id='par_1_14' title="bbox 559 2815 1472 2867">
     <span class='ocr_line' id='line_1_41' title="bbox 559 2815 1472 2867; baseline 0.005 -16"><span class='ocrx_word' id='word_1_250' title='bbox 559 2815 617 2852; x_wconf 83' lang='lat' dir='ltr'>Ex</span> <span class='ocrx_word' id='word_1_251' title='bbox 645 2827 726 2865; x_wconf 91' lang='lat' dir='ltr'>quo</span> <span class='ocrx_word' id='word_1_252' title='bbox 755 2816 960 2866; x_wconf 88' lang='lat' dir='ltr'>dampnati</span> <span class='ocrx_word' id='word_1_253' title='bbox 989 2816 1187 2867; x_wconf 88' lang='lat' dir='ltr'>perierunt</span> <span class='ocrx_word' id='word_1_254' title='bbox 1215 2817 1472 2867; x_wconf 89' lang='lat' dir='ltr'>preuaricati:</span> 
     </span>
    </p>
   </div>
   <div class='ocr_carea' id='block_1_10' title="bbox 942 2898 1306 2938">
    <p class='ocr_par' dir='ltr' id='par_1_15' title="bbox 942 2898 1306 2938">
     <span class='ocr_line' id='line_1_42' title="bbox 942 2898 1306 2938; baseline -0.003 -9"><span class='ocrx_word' id='word_1_255' title='bbox 942 2899 985 2937; x_wconf 85' lang='lat'>63</span> <span class='ocrx_word' id='word_1_256' title='bbox 1010 2898 1089 2938; x_wconf 87' lang='lat' dir='ltr'>nec]</span> <span class='ocrx_word' id='word_1_257' title='bbox 1117 2909 1186 2929; x_wconf 88' lang='lat' dir='ltr'>non</span> <span class='ocrx_word' id='word_1_258' title='bbox 1211 2898 1306 2929; x_wconf 69' lang='grc' dir='ltr'>(ΖΕΗ</span> 
     </span>
    </p>
   </div>
   <div class='ocr_carea' id='block_1_11' title="bbox 1880 940 1925 972">
    <p class='ocr_par' dir='ltr' id='par_1_16' title="bbox 1880 940 1925 972">
     <span class='ocr_line' id='line_1_43' title="bbox 1880 940 1925 972; baseline 0 -11"><span class='ocrx_word' id='word_1_259' title='bbox 1880 940 1925 972; x_wconf 58' lang='lat'>50</span> 
     </span>
    </p>
   </div>
   <div class='ocr_carea' id='block_1_12' title="bbox 1877 1588 1922 1616">
    <p class='ocr_par' dir='ltr' id='par_1_17' title="bbox 1877 1588 1922 1616">
     <span class='ocr_line' id='line_1_44' title="bbox 1877 1588 1922 1616; baseline 0 0"><span class='ocrx_word' id='word_1_260' title='bbox 1877 1588 1922 1616; x_wconf 54' lang='grc' dir='ltr'>ἲο</span> 
     </span>
    </p>
   </div>
   <div class='ocr_carea' id='block_1_13' title="bbox 1872 2247 1918 2278">
    <p class='ocr_par' dir='ltr' id='par_1_18' title="bbox 1872 2247 1918 2278">
     <span class='ocr_line' id='line_1_45' title="bbox 1872 2247 1918 2278; baseline 0 -12"><span class='ocrx_word' id='word_1_261' title='bbox 1872 2247 1918 2278; x_wconf 66' lang='grc'>90</span> 
     </span>
    </p>
   </div>
   <div class='ocr_carea' id='block_1_14' title="bbox 994 2898 1912 2993">
    <p class='ocr_par' dir='ltr' id='par_1_19' title="bbox 994 2898 1912 2993">
     <span class='ocr_line' id='line_1_46' title="bbox 1460 2898 1912 2940; baseline 0.002 -11"><span class='ocrx_word' id='word_1_262' title='bbox 1460 2900 1504 2930; x_wconf 88' lang='grc'>86</span> <span class='ocrx_word' id='word_1_263' title='bbox 1528 2898 1580 2929; x_wconf 92' lang='lat' dir='ltr'>No</span> <span class='ocrx_word' id='word_1_264' title='bbox 1598 2904 1737 2940; x_wconf 80' lang='lat' dir='ltr'>paragr.</span> <span class='ocrx_word' id='word_1_265' title='bbox 1761 2899 1832 2930; x_wconf 66' lang='lat' dir='ltr'>licre</span> <span class='ocrx_word' id='word_1_266' title='bbox 1858 2900 1912 2930; x_wconf 86' lang='lat' dir='ltr'>FL</span> 
     </span>
     <span class='ocr_line' id='line_1_47' title="bbox 994 2950 1910 2993; baseline 0.001 -12"><span class='ocrx_word' id='word_1_267' title='bbox 994 2950 1037 2981; x_wconf 88' lang='grc'>88</span> <span class='ocrx_word' id='word_1_268' title='bbox 1055 2950 1129 2990; x_wconf 80' lang='lat' dir='ltr'>Que</span> <span class='ocrx_word' id='word_1_269' title='bbox 1147 2950 1310 2983; x_wconf 79' lang='lat' dir='ltr'>fantasias</span> <span class='ocrx_word' id='word_1_270' title='bbox 1327 2950 1425 2983; x_wconf 84' lang='lat' dir='ltr'>aliter</span> <span class='ocrx_word' id='word_1_271' title='bbox 1439 2952 1498 2983; x_wconf 85' lang='lat' dir='ltr'>tibi</span> <span class='ocrx_word' id='word_1_272' title='bbox 1518 2951 1574 2983; x_wconf 87' lang='lat' dir='ltr'>FB</span> <span class='ocrx_word' id='word_1_273' title='bbox 1642 2962 1685 2993; x_wconf 90' lang='lat'>90</span> <span class='ocrx_word' id='word_1_274' title='bbox 1701 2951 1842 2993; x_wconf 82' lang='lat' dir='ltr'>Paragr.</span> <span class='ocrx_word' id='word_1_275' title='bbox 1857 2951 1910 2983; x_wconf 66' lang='grc' dir='ltr'>ΡΙ,</span> 
     </span>
    </p>
   </div>
  </div>
 </body>
</html>
