2095 3173
678 224 867 265 LIBER
908 222 1149 264 PRIMUS
1590 235 1641 273 25

287 335 478 383 Desuper,
510 339 549 371 et
578 332 721 371 summi
751 338 883 370 cantat
912 332 951 369 in
981 344 1074 369 aure
1102 331 1166 369 dei
1182 345 1192 379 3

285 401 431 437 Turtur
459 406 497 437 et
527 411 574 437 ex
601 398 713 436 viridi
744 397 999 446 congaudens
1029 403 1207 445 tempore
1237 396 1360 434 fidum

288 465 335 502 In
365 464 481 502 maris
511 463 748 513 obsequium
777 475 845 500 cor
873 469 992 500 vouet
1022 463 1105 511 ipsa
1134 475 1275 509 suum3

286 529 565 578 Amissamque
593 541 662 566 sue
692 529 820 578 suplet
850 528 1083 565 Philomena
1110 528 1267 576 loquele

287 595 489 641 Naturam,
521 606 600 643 que
628 594 708 632 suis
738 593 914 642 predicat
943 599 1032 630 acta
1061 593 1188 630 notis:
1584 606 1645 627 100

286 659 473 699 Concinit
503 666 542 697 et
571 660 726 708 Progne
754 659 805 697 de
833 658 1054 708 virginitate
1083 658 1225 696 sororis

290 726 401 771 Lesa,
432 724 528 762 dum
557 724 655 762 tanti
685 730 776 761 sunt
806 724 845 760 in
875 736 1008 761 amore
1038 723 1129 761 doli.

289 790 400 828 Milia
429 789 536 828 mille
565 795 708 827 sonant
737 789 942 827 volucrum
970 789 1076 826 velut
1106 800 1250 837 organa
1279 794 1428 834 cantus

288 855 339 893 Et
368 854 534 893 totidem
566 855 679 893 flores
709 856 786 893 lata
815 867 884 903 per
911 866 1004 891 arua
1032 854 1223 903 fragrant:

289 921 398 959 Inter
426 933 494 958 eos
524 927 684 968 certant,
717 921 816 959 ferat
844 927 973 958 vtrum
1003 925 1142 957 cantus
1171 919 1222 957 ad
1252 931 1364 956 aures

289 986 370 1023 Aut
399 986 498 1024 odor
527 986 578 1024 ad
609 998 721 1024 nares
753 986 803 1024 de
834 985 1010 1023 bonitate
1039 985 1187 1033 magis:

291 1051 356 1089 Lis
386 1058 518 1089 tamen
549 1052 633 1101 ipsa
663 1052 738 1101 pia
768 1052 858 1089 fuit
887 1057 931 1089 et
960 1050 1206 1088 discordia
1235 1061 1446 1094 concors,

292 1118 400 1154 Dum
430 1117 556 1155 meriti
586 1117 715 1166 parilis
746 1117 851 1154 fulsit
882 1122 1044 1164 vterque
1073 1121 1207 1153 status.

346 1182 449 1221 Cum
479 1188 618 1219 natura
646 1194 716 1220 sue
745 1182 840 1231 legis
869 1180 1081 1219 dulcedine
1109 1179 1227 1216 siluas

291 1248 447 1297 Replet,
480 1253 519 1285 et
548 1260 595 1285 ex
624 1247 732 1284 omni
763 1253 872 1296 parte
901 1245 1061 1284 resultat
1089 1244 1173 1281 auis
1189 1258 1198 1291 3
1591 1256 1652 1278 110

292 1314 395 1353 Cum
426 1313 548 1351 decus
578 1319 616 1350 et
646 1312 786 1350 florum
816 1318 946 1349 vastos
976 1311 1031 1348 sic
1060 1310 1189 1347 induit
1218 1322 1342 1359 agros,

292 1380 353 1417 Ac
381 1378 551 1417 herbosa
580 1391 696 1416 coma
726 1378 863 1416 florida
892 1382 1002 1426 prata
1031 1376 1150 1423 colit3

293 1445 380 1483 Flat
409 1444 507 1483 leuis
537 1445 577 1481 in
607 1444 724 1482 ramis
753 1452 942 1481 resonans
971 1454 1092 1491 quam
1122 1441 1290 1479 dulciter
1322 1441 1460 1484 Eurus,

295 1510 433 1548 Dulcis
462 1516 501 1548 et
529 1510 569 1547 in
599 1509 682 1558 ripa
711 1520 910 1546 murmure
939 1507 1093 1557 plaudit
1120 1518 1223 1555 aqua
1238 1519 1248 1553 3

294 1575 508 1625 Omneque
538 1575 593 1613 sic
621 1574 767 1612 animal
796 1573 953 1623 placido
982 1573 1033 1611 de
1062 1578 1241 1620 tempore
1268 1568 1426 1620 gaudet,

296 1641 417 1680 Piscis
447 1648 486 1680 et
513 1640 567 1679 ob
597 1641 721 1679 solem
750 1640 923 1678 fluminis
951 1639 1028 1677 alta
1057 1638 1179 1688 petit;

296 1708 389 1745 Non
418 1706 491 1744 fuit
521 1707 598 1744 hoc
626 1704 776 1753 viuens,
807 1705 870 1742 cui
901 1717 982 1742 non
1012 1710 1202 1742 renouata
1231 1703 1413 1751 voluptas

295 1773 504 1823 Temporis
534 1785 581 1811 ex
610 1785 703 1810 aura
732 1772 899 1810 dulciter
928 1771 1044 1808 huius
1073 1776 1166 1808 erat.

296 1839 410 1876 Talia
438 1850 611 1887 cumque
639 1837 778 1876 videns
807 1837 946 1875 oculus
975 1836 1126 1881 letatur,
1159 1841 1197 1873 et
1227 1834 1291 1871 illa

299 1905 347 1942 In
376 1904 595 1942 thalamum
623 1903 753 1940 cordis
783 1902 892 1940 ducit
920 1901 971 1939 ad
999 1912 1089 1949 yma
1117 1899 1213 1946 viri3
1600 1910 1657 1930 ιω

298 1970 414 2008 Auris
444 1976 482 2008 et
511 1969 648 2007 auditu
677 1968 807 2006 cordis
836 1966 1001 2016 suspiria
1031 1965 1170 2015 pulsat,

300 2036 393 2084 Quo
422 2036 559 2073 Venus
590 2034 629 2071 in
658 2033 803 2071 iuuene
831 2032 958 2081 poscit
986 2031 1130 2069 amoris
1159 2041 1288 2079 opem.

301 2101 407 2139 Ecce
436 2100 520 2138 dies
549 2099 636 2137 talis
666 2099 747 2145 fuit,
780 2098 820 2135 in
850 2109 928 2147 qua
957 2095 1114 2145 tempus
1143 2106 1332 2133 amenum

301 2168 372 2205 Me
401 2165 522 2204 dabat
551 2165 591 2202 in
621 2164 751 2202 lusum
780 2164 1007 2213 girouagare
1036 2174 1181 2199 meum.

355 2231 503 2270 Omnia
532 2230 621 2268 finis
651 2229 794 2268 babet:
824 2228 958 2266 aderat
988 2227 1043 2265 sic
1072 2238 1234 2276 vespere
1264 2224 1427 2262 tandem

303 2297 406 2336 Cum
436 2296 536 2334 solet
564 2307 728 2333 occasus
758 2294 955 2332 intitulare
984 2292 1114 2331 diem:

304 2364 378 2401 Illa
406 2363 540 2412 quieta
569 2361 654 2399 dies
683 2360 817 2398 solitas
846 2359 1114 2408 compleuerat
1144 2357 1270 2401 horas,

306 2426 500 2466 Dulcibus
529 2432 648 2476 atque
677 2426 793 2464 silent
821 2437 967 2474 organa
995 2424 1127 2461 clausa
1155 2422 1284 2459 notis:

306 2494 498 2532 Merserat
527 2492 568 2529 in
596 2491 770 2530 tenebris
800 2503 879 2529 nox
907 2489 1061 2527 feruida
1090 2488 1240 2525 lumina
1269 2485 1373 2531 solis,

307 2559 358 2597 Et
387 2570 506 2607 sopor
533 2557 585 2595 ad
613 2557 760 2595 lectum
790 2556 994 2594 strinxerat
1024 2554 1078 2592 ire
1106 2553 1256 2590 virum:
1604 2563 1666 2594 130

308 2624 531 2662 Deficiente
559 2623 625 2661 die
654 2630 749 2660 tunc
778 2621 866 2660 flexi
895 2632 1037 2669 corpus
1066 2618 1118 2656 ad
1146 2628 1293 2667 ymum‚

309 2691 403 2738 Quo
431 2689 573 2727 lassata
602 2688 701 2726 solet
731 2686 908 2726 membra
937 2686 1072 2723 fouere
1102 2683 1227 2732 quies.

249 2793 311 2814 100
327 2792 408 2814 sue.
424 2806 431 2813 .
445 2805 452 2813 .
466 2780 561 2811 vocis
579 2780 609 2811 D
701 2789 760 2810 101
780 2779 918 2819 Progne
930 2788 995 2809 om.
1012 2777 1042 2807 D
1134 2775 1197 2805 106
1211 2772 1269 2814 ad]
1285 2777 1343 2804 aut
1356 2771 1381 2803 S
1474 2780 1535 2810 ¹13
1551 2769 1667 2810 quam]

204 2836 259 2876 qui
279 2834 361 2865 DH2
518 2842 578 2872 117
602 2830 745 2862 veniens
771 2831 801 2861 D
956 2829 1024 2871 cui]
1049 2837 1124 2859 cum
1149 2825 1232 2857 DH2
1385 2822 1539 2863 voluptas
1554 2832 1618 2853 om.
1640 2822 1668 2852 D

208 2898 267 2927 124
292 2885 522 2927 girovagando
539 2884 570 2915 D
616 2884 817 2924 girouogare
835 2883 862 2914 L
