2095 3173
653 230 851 271 PRIMA
893 230 1046 271 PARS

224 339 340 376 Tunc
369 349 553 376 accusare
582 337 777 387 quosdam
806 335 1042 387 presumpsit
1070 348 1197 383 auare,

224 403 342 442 Vnde
371 404 600 441 catallorum
629 415 741 453 gazas
771 401 954 452 spoliaret
983 414 1130 440 eorum.

223 468 321 507 Tres
351 475 442 506 sunt
470 466 622 518 antiqui
650 480 842 517 proceres,
874 479 972 516 quos
1002 465 1100 516 regis
1130 464 1255 516 iniqui

226 533 288 571 Ira
318 532 440 583 magis
470 532 594 580 nouit,
625 538 663 571 et
693 545 760 571 eos
790 531 970 570 occidere
999 530 1133 571 vouit:

223 598 275 635 Et
304 597 359 636 sic
388 597 456 648 qui
484 597 560 636 cati
590 598 732 647 pellem
761 596 869 646 cupit
897 596 1091 644 excoriati,

223 662 416 713 Fingebat
444 676 581 701 causas
610 661 738 700 fallaci
766 670 925 712 pectore
954 663 1116 700 clausas.

223 727 394 767 Caucius
423 734 464 766 vt
496 728 644 766 factum
673 726 748 765 sibi
776 726 899 776 possit
928 726 1074 765 habere
1103 725 1322 772 subactum,

223 794 348 843 Leges
377 792 576 840 conduxit,
607 806 679 843 pro
708 800 816 842 parte
845 805 995 842 suaque
1024 791 1201 831 reduxit:

223 859 392 897 Munere
421 857 593 908 corrupti
623 859 815 896 suadente
843 857 1064 907 timoreque
1093 855 1196 906 rupti

223 923 338 974 Legis
367 923 407 961 in
437 936 606 962 errorem
636 922 716 973 regi
744 922 914 961 tribuere
942 924 1141 960 fauorem:
1488 935 1527 966 30

223 988 295 1026 Hii
324 995 419 1027 tunc
448 988 594 1039 legiste,
626 987 816 1038 quicquid
845 1001 911 1026 rex
939 987 1087 1026 dixerat
1117 986 1200 1034 iste,

222 1054 374 1093 Federa
403 1061 661 1104 componunt,
694 1066 771 1103 que
801 1053 924 1103 sigilla
953 1053 1026 1091 sub
1056 1053 1194 1091 ordine
1223 1058 1387 1102 ponunt.

221 1120 337 1157 Tunc
366 1132 432 1158 rex
460 1120 611 1167 letatur,
643 1132 760 1169 super
788 1119 865 1157 hoc
895 1118 1003 1168 quod
1033 1117 1273 1163 fortificatur,

222 1185 315 1233 Quo
345 1183 467 1234 magis
496 1185 547 1223 ad
576 1185 737 1234 plenum
768 1183 963 1222 diffundat
992 1182 1056 1220 ille
1084 1195 1308 1221 venenum:

221 1251 337 1288 Tunc
365 1251 528 1289 aderant
557 1251 653 1289 tales
682 1249 857 1296 iuuenes,
890 1248 958 1298 qui
987 1255 1078 1286 sunt
1107 1247 1306 1297 speciales,

223 1316 449 1354 Laudantes
479 1328 622 1365 regem,
655 1315 747 1365 quia
775 1314 888 1354 vertit
917 1315 972 1352 sic
1002 1313 1076 1352 sibi
1105 1315 1243 1363 legem.

276 1382 371 1419 Hoc
399 1388 685 1420 concernentes
714 1380 790 1427 alii,
822 1392 901 1430 que
930 1380 1043 1418 dolos
1073 1385 1306 1426 metuentes,

220 1447 285 1485 Ad
315 1447 614 1486 defendendum
644 1453 822 1485 statuunt
851 1445 930 1484 cito
959 1445 1056 1495 quid
1085 1443 1134 1482 sit
1162 1444 1374 1494 agendum.

219 1513 336 1550 Tunc
364 1525 430 1551 rex
458 1512 626 1560 festinat,
657 1519 696 1550 et
724 1513 775 1550 ad
806 1512 881 1550 hoc
910 1524 980 1549 sua
1008 1509 1112 1547 iussa
1141 1509 1334 1559 propinat,

220 1579 274 1616 Vt
302 1584 380 1616 tres
410 1585 623 1628 querantur
651 1577 716 1618 vbi
745 1585 847 1622 sunt,
877 1583 916 1615 et
945 1575 1000 1614 ibi
1029 1575 1243 1625 capiantur.
1483 1589 1525 1620 40

219 1644 336 1681 Tunc
363 1649 453 1690 tres,
481 1642 549 1693 qui
578 1642 669 1681 iusti
696 1644 850 1681 fuerant
879 1650 916 1681 et
945 1642 996 1680 ad
1024 1654 1132 1680 arma
1161 1640 1322 1687 robusti,

220 1709 385 1746 Factum
415 1707 633 1758 disponunt
662 1715 700 1747 et
729 1709 780 1747 ad
809 1709 886 1746 hoc
915 1721 985 1745 sua
1013 1706 1155 1745 robora
1184 1712 1348 1755 ponunt.

219 1772 301 1822 Qui
328 1773 481 1812 fuerant
509 1773 572 1811 isti
600 1786 791 1822 proceres,
823 1772 863 1810 in
892 1771 1054 1810 nomine
1083 1771 1201 1811 Cristi

220 1837 391 1888 Expedit
419 1846 459 1876 vt
488 1838 618 1877 dicam
648 1839 829 1885 referens,
861 1844 899 1876 et
929 1837 983 1875 eis
1012 1836 1258 1875 benedicam.

220 1902 261 1941 Si
290 1916 372 1941 non
402 1902 549 1941 directe
578 1915 784 1952 procerum
814 1903 1053 1952 cognomina
1082 1908 1197 1947 recte,

222 1969 314 2006 Hec
342 1974 475 2006 tamen
505 1967 673 2006 obscura
702 1968 877 2014 referam,
908 1966 1087 2005 latitante
1117 1967 1262 2015 figura:

224 2031 404 2071 Scribere
433 2045 511 2082 que
540 2033 663 2071 tendo
694 2033 724 2070 si
754 2031 908 2070 mistica
936 2031 1056 2070 verba
1085 2031 1255 2080 legendo

221 2096 394 2135 Auribus
423 2104 644 2147 apportant,
674 2110 810 2135 verum
839 2104 972 2135 tamen
1002 2096 1067 2134 illa
1096 2103 1306 2146 reportant.

274 2163 374 2201 Sunt
404 2163 511 2210 Olor,
543 2164 677 2208 Vrsus,
709 2163 830 2212 Equs,
864 2169 938 2200 stat
967 2175 1104 2200 eorum
1134 2160 1299 2211 quilibet
1328 2173 1437 2211 equs,

221 2228 314 2266 Non
344 2227 398 2265 hii
427 2227 554 2275 diuisi,
586 2234 644 2266 set
672 2227 712 2265 in
742 2240 863 2266 vnum
892 2234 983 2265 sunt
1012 2226 1124 2277 quasi
1152 2227 1247 2266 visi:
1484 2242 1526 2274 50

220 2293 358 2330 Penna
386 2299 574 2330 coronata
602 2292 725 2330 tribus
755 2293 829 2331 hiis
858 2293 931 2330 fuit
960 2294 1176 2332 associata:

221 2357 301 2406 Qui
330 2358 426 2407 gerit
456 2359 481 2396 S
511 2359 674 2396 tandem
703 2364 873 2396 turmam
904 2359 1113 2396 comitatur
1142 2358 1322 2404 eandem,

221 2422 377 2461 Nobilis
407 2423 471 2461 ille
500 2423 663 2472 quidem
691 2423 839 2472 probus
869 2430 907 2461 et
937 2423 1091 2460 iuuenis
1120 2423 1192 2460 suit
1221 2422 1338 2469 idem,

219 2488 283 2526 Sic
313 2488 425 2537 quasi
454 2488 504 2526 de
533 2488 626 2526 celis
655 2488 828 2526 interfuit
857 2488 921 2526 ille
950 2488 1101 2525 fidelis:

220 2553 312 2590 Hac
342 2552 415 2590 sub
445 2552 599 2590 fortuna
628 2565 788 2602 presens
818 2553 1043 2603 aquilonica
1071 2553 1165 2589 luna

219 2618 312 2655 Non
342 2617 413 2655 fuit
441 2617 492 2655 ad
521 2625 677 2665 sortem,
709 2619 883 2667 sequitur
912 2625 970 2656 set
999 2625 1132 2656 mente
1161 2618 1376 2655 cohortem.

273 2682 353 2730 Qui
382 2682 506 2720 solem
534 2683 652 2732 gessit
678 2683 911 2722 tenebrosus
939 2683 1088 2720 lumina
1117 2683 1252 2729 nescit,

220 2748 268 2785 In
298 2747 417 2785 Troie
446 2754 570 2785 metas
599 2747 694 2785 dum
724 2748 907 2786 vendicat
936 2749 1019 2797 ipse
1048 2748 1184 2786 dietas.

1598 242 1678 282 315

1644 659 1734 692 Nota
1765 661 1807 692 de
1846 660 2013 693 iudicibus

1599 703 1678 742 illis,
1707 705 1765 744 qui
1792 710 1827 736 vt
1856 705 1946 744 regis
1963 715 2013 736 er-

1599 758 1710 778 rorem
1723 749 1886 788 precipue
1899 753 2016 780 contra

1600 791 1680 822 illos
1729 797 1800 823 tres
1850 802 2013 832 proceres

1600 845 1686 874 quos
1718 837 1875 868 occidere
1909 836 2012 866 vellet

1600 879 1837 920 iustificarent,
1898 880 2012 911 literas

1601 923 1663 953 sub
1718 933 1834 954 eorum
1891 923 2012 964 sigillis

1601 967 1746 1007 scriptas
1758 967 1912 999 erronice
1923 977 2011 998 com—

1600 1015 1798 1050 posuerunt.

1643 1386 1796 1426 Qualiter
1811 1392 1879 1418 tres
1896 1396 2011 1426 proce—

1600 1442 1655 1462 res
1676 1431 1822 1471 predicti
1851 1432 1893 1461 de
1922 1430 2012 1469 regis

1600 1475 1732 1506 malicia
1750 1470 1919 1505 secrecius
1937 1484 2011 1513 pre-

1599 1519 1719 1550 muniti
1733 1519 1767 1549 in
1781 1519 1831 1549 sui
1844 1518 2012 1549 defensio-

1599 1573 1677 1594 nem
1696 1563 1843 1594 roborati
1861 1567 1950 1593 sunt.

1643 2173 1732 2204 Nota
1757 2174 1800 2205 de
1817 2174 2009 2206 nominibus

1598 2217 1699 2247 trium
1728 2228 1907 2257 procerum
1935 2229 2009 2258 pre-

1599 2261 1767 2291 dictorum
1796 2263 1858 2292 sub
1889 2263 2008 2301 figura.

1599 2305 1723 2335 Comes
1775 2305 2006 2336 Marescallus.

1598 2349 1862 2380 Strenuissimus
1885 2350 2009 2381 Comes

1600 2391 1756 2423 Derbeie.

1595 2547 1720 2578 Comes
1748 2547 2002 2585 Northumbrie,

1596 2591 1691 2621 cuius
1702 2591 1842 2630 Signum
1854 2591 1913 2621 fuit
1925 2592 2003 2622 luna

1594 2644 1765 2666 crescens.

1639 2688 1793 2727 Qualiter
1816 2699 1888 2726 rex,
1914 2689 2008 2719 cuius

1594 2732 1736 2772 Signum
1749 2732 1807 2763 Sol
1819 2736 1902 2763 erat.
1915 2732 2008 2762 ciues

1590 2776 2008 2816 Londoniensesproaux-

154 2850 195 2880 34
221 2840 387 2871 diffundat
403 2839 523 2879 vbique
538 2839 655 2870 CHH3
737 2849 778 2879 55
802 2840 964 2881 presens]
982 2839 1083 2871 fallax
1102 2839 1135 2870 H
1154 2840 1250 2881 (ras.)

113 2892 199 2923 dolis
216 2891 370 2931 sequitur
387 2891 562 2923 consorcia
580 2890 670 2923 Solis
689 2891 722 2922 H
741 2891 838 2933 (νας.)

1334 2840 1376 2879 56
1401 2839 1572 2880 Eclipsata
