<?xml version="1.0" encoding="UTF-8"?>
<!DOCTYPE html PUBLIC "-//W3C//DTD XHTML 1.0 Transitional//EN"
    "http://www.w3.org/TR/xhtml1/DTD/xhtml1-transitional.dtd">
<html xmlns="http://www.w3.org/1999/xhtml" xml:lang="en" lang="en">
 <head>
  <title>
</title>
<meta http-equiv="Content-Type" content="text/html;charset=utf-8" />
  <meta name='ocr-system' content='tesseract 3.04.00' />
  <meta name='ocr-capabilities' content='ocr_page ocr_carea ocr_par ocr_line ocrx_word'/>
</head>
<body>
  <div class='ocr_page' id='page_1' title='image "./completeworksofj04gowe_0207.png"; bbox 0 0 2095 3173; ppageno 0'>
   <div class='ocr_carea' id='block_1_1' title="bbox 695 183 1677 243">
    <p class='ocr_par' dir='ltr' id='par_1_1' title="bbox 695 183 1677 243">
     <span class='ocr_line' id='line_1_1' title="bbox 695 183 1677 243; baseline 0.007 -20"><span class='ocrx_word' id='word_1_1' title='bbox 695 183 882 224; x_wconf 77' lang='lat' dir='ltr'><strong>LrssER</strong></span> <span class='ocrx_word' id='word_1_2' title='bbox 921 183 1194 225; x_wconf 77' lang='lat' dir='ltr'><strong>TERcms</strong></span> <span class='ocrx_word' id='word_1_3' title='bbox 1602 202 1677 243; x_wconf 83' lang='lat'><strong>113</strong></span> 
     </span>
    </p>
   </div>
   <div class='ocr_carea' id='block_1_2' title="bbox 318 292 1448 668">
    <p class='ocr_par' dir='ltr' id='par_1_2' title="bbox 319 292 1373 407">
     <span class='ocr_line' id='line_1_2' title="bbox 320 292 1373 341; baseline 0 -11"><span class='ocrx_word' id='word_1_4' title='bbox 320 292 419 330; x_wconf 83' lang='lat' dir='ltr'><strong>Tale</strong></span> <span class='ocrx_word' id='word_1_5' title='bbox 447 298 581 331; x_wconf 81' lang='lat' dir='ltr'><strong>tamen</strong></span> <span class='ocrx_word' id='word_1_6' title='bbox 609 292 758 330; x_wconf 84' lang='lat' dir='ltr'><strong>crimen</strong></span> <span class='ocrx_word' id='word_1_7' title='bbox 788 304 870 330; x_wconf 92' lang='lat' dir='ltr'><strong>non</strong></span> <span class='ocrx_word' id='word_1_8' title='bbox 900 304 1017 330; x_wconf 87' lang='lat' dir='ltr'><strong>aurea</strong></span> <span class='ocrx_word' id='word_1_9' title='bbox 1048 292 1166 331; x_wconf 81' lang='lat' dir='ltr'><strong>bursa</strong></span> <span class='ocrx_word' id='word_1_10' title='bbox 1194 293 1373 341; x_wconf 83' lang='lat' dir='ltr'><strong>redemit,</strong></span> 
     </span>
     <span class='ocr_line' id='line_1_3' title="bbox 319 357 1322 407; baseline 0.002 -12"><span class='ocrx_word' id='word_1_11' title='bbox 319 357 388 395; x_wconf 86' lang='lat' dir='ltr'><strong>Set</strong></span> <span class='ocrx_word' id='word_1_12' title='bbox 417 358 585 396; x_wconf 83' lang='lat' dir='ltr'><strong>contrita</strong></span> <span class='ocrx_word' id='word_1_13' title='bbox 614 358 738 407; x_wconf 85' lang='lat' dir='ltr'><strong>magis</strong></span> <span class='ocrx_word' id='word_1_14' title='bbox 769 370 881 396; x_wconf 88' lang='lat' dir='ltr'><strong>mens</strong></span> <span class='ocrx_word' id='word_1_15' title='bbox 910 357 1162 396; x_wconf 85' lang='lat' dir='ltr'><strong>medicamen</strong></span> <span class='ocrx_word' id='word_1_16' title='bbox 1191 358 1322 397; x_wconf 86' lang='lat' dir='ltr'><strong>habet.</strong></span> 
     </span>
    </p>

    <p class='ocr_par' dir='ltr' id='par_1_3' title="bbox 318 423 1448 534">
     <span class='ocr_line' id='line_1_4' title="bbox 321 423 1448 473; baseline 0.002 -13"><span class='ocrx_word' id='word_1_17' title='bbox 321 423 414 460; x_wconf 91' lang='lat' dir='ltr'><strong>Non</strong></span> <span class='ocrx_word' id='word_1_18' title='bbox 444 429 578 461; x_wconf 86' lang='lat' dir='ltr'><strong>tamen</strong></span> <span class='ocrx_word' id='word_1_19' title='bbox 608 429 666 461; x_wconf 91' lang='lat' dir='ltr'><strong>est</strong></span> <span class='ocrx_word' id='word_1_20' title='bbox 696 423 856 461; x_wconf 82' lang='lat' dir='ltr'><strong>lacrima</strong></span> <span class='ocrx_word' id='word_1_21' title='bbox 884 423 1006 461; x_wconf 89' lang='lat' dir='ltr'><strong>modo</strong></span> <span class='ocrx_word' id='word_1_22' title='bbox 1036 436 1114 473; x_wconf 88' lang='lat' dir='ltr'><strong>que</strong></span> <span class='ocrx_word' id='word_1_23' title='bbox 1143 424 1275 462; x_wconf 91' lang='lat' dir='ltr'><strong>delere</strong></span> <span class='ocrx_word' id='word_1_24' title='bbox 1303 423 1448 462; x_wconf 84' lang='lat' dir='ltr'><strong>valebit</strong></span> 
     </span>
     <span class='ocr_line' id='line_1_5' title="bbox 318 487 1184 534; baseline 0.002 -8"><span class='ocrx_word' id='word_1_25' title='bbox 318 487 491 534; x_wconf 85' lang='lat' dir='ltr'><strong>Crimen,</strong></span> <span class='ocrx_word' id='word_1_26' title='bbox 524 489 556 526; x_wconf 90' lang='lat' dir='ltr'><strong>si</strong></span> <span class='ocrx_word' id='word_1_27' title='bbox 585 487 702 526; x_wconf 83' lang='lat' dir='ltr'><strong>bursa</strong></span> <span class='ocrx_word' id='word_1_28' title='bbox 730 488 880 526; x_wconf 85' lang='lat' dir='ltr'><strong>nesciat</strong></span> <span class='ocrx_word' id='word_1_29' title='bbox 908 488 1002 527; x_wconf 89' lang='lat' dir='ltr'><strong>inde</strong></span> <span class='ocrx_word' id='word_1_30' title='bbox 1030 488 1184 528; x_wconf 89' lang='lat' dir='ltr'><strong>forum:</strong></span> 
     </span>
    </p>

    <p class='ocr_par' dir='ltr' id='par_1_4' title="bbox 318 553 1409 668">
     <span class='ocr_line' id='line_1_6' title="bbox 318 553 1409 604; baseline 0.002 -14"><span class='ocrx_word' id='word_1_31' title='bbox 318 553 444 591; x_wconf 84' lang='lat' dir='ltr'><strong>Bursa</strong></span> <span class='ocrx_word' id='word_1_32' title='bbox 473 553 576 591; x_wconf 83' lang='lat' dir='ltr'><strong>valet</strong></span> <span class='ocrx_word' id='word_1_33' title='bbox 605 553 775 602; x_wconf 82' lang='lat' dir='ltr'><strong>culpam,</strong></span> <span class='ocrx_word' id='word_1_34' title='bbox 798 553 901 591; x_wconf 84' lang='lat' dir='ltr'><strong>valet</strong></span> <span class='ocrx_word' id='word_1_35' title='bbox 930 565 1224 604; x_wconf 83' lang='lat' dir='ltr'><strong>expurgareque</strong></span> <span class='ocrx_word' id='word_1_36' title='bbox 1253 567 1409 604; x_wconf 82' lang='lat' dir='ltr'><strong>penam,</strong></span> 
     </span>
     <span class='ocr_line' id='line_1_7' title="bbox 318 618 1236 668; baseline 0.002 -12"><span class='ocrx_word' id='word_1_37' title='bbox 318 619 442 656; x_wconf 84' lang='lat' dir='ltr'><strong>Bursa</strong></span> <span class='ocrx_word' id='word_1_38' title='bbox 470 618 573 656; x_wconf 84' lang='lat' dir='ltr'><strong>valet</strong></span> <span class='ocrx_word' id='word_1_39' title='bbox 601 624 794 668; x_wconf 82' lang='lat' dir='ltr'><strong>quantum</strong></span> <span class='ocrx_word' id='word_1_40' title='bbox 823 619 930 657; x_wconf 83' lang='lat' dir='ltr'><strong>curia</strong></span> <span class='ocrx_word' id='word_1_41' title='bbox 959 625 1092 658; x_wconf 83' lang='lat' dir='ltr'><strong>nostra</strong></span> <span class='ocrx_word' id='word_1_42' title='bbox 1121 620 1236 658; x_wconf 86' lang='lat' dir='ltr'><strong>valet.</strong></span> 
     </span>
    </p>
   </div>
   <div class='ocr_carea' id='block_1_3' title="bbox 46 264 47 777">
    <p class='ocr_par' dir='ltr' id='par_1_5' title="bbox 46 264 47 777">
     <span class='ocr_line' id='line_1_8' title="bbox 46 264 47 777; baseline 0 0"><span class='ocrx_word' id='word_1_43' title='bbox 46 264 47 777; x_wconf 95' lang='lat' dir='ltr'><strong> </strong></span> 
     </span>
    </p>
   </div>
   <div class='ocr_carea' id='block_1_4' title="bbox 208 764 1680 986">
    <p class='ocr_par' dir='ltr' id='par_1_6' title="bbox 208 764 1680 986">
     <span class='ocr_line' id='line_1_9' title="bbox 257 764 1678 811; baseline 0.004 -13"><span class='ocrx_word' id='word_1_44' title='bbox 257 764 335 799; x_wconf 88' lang='lat' dir='ltr'><strong>Hic</strong></span> <span class='ocrx_word' id='word_1_45' title='bbox 361 764 544 809; x_wconf 87' lang='lat' dir='ltr'><strong>loquitur</strong></span> <span class='ocrx_word' id='word_1_46' title='bbox 575 765 625 801; x_wconf 90' lang='lat' dir='ltr'><strong>de</strong></span> <span class='ocrx_word' id='word_1_47' title='bbox 653 766 850 810; x_wconf 85' lang='lat' dir='ltr'><strong>legibus</strong></span> <span class='ocrx_word' id='word_1_48' title='bbox 874 776 1036 802; x_wconf 88' lang='lat' dir='ltr'><strong>eorum</strong></span> <span class='ocrx_word' id='word_1_49' title='bbox 1063 767 1314 811; x_wconf 87' lang='lat' dir='ltr'><strong>positiuis,</strong></span> <span class='ocrx_word' id='word_1_50' title='bbox 1341 778 1429 811; x_wconf 91' lang='lat' dir='ltr'><strong>que</strong></span> <span class='ocrx_word' id='word_1_51' title='bbox 1455 769 1678 811; x_wconf 87' lang='lat' dir='ltr'><strong>quamuis</strong></span> 
     </span>
     <span class='ocr_line' id='line_1_10' title="bbox 210 823 1680 868; baseline 0.003 -11"><span class='ocrx_word' id='word_1_52' title='bbox 210 823 269 857; x_wconf 89' lang='lat' dir='ltr'><strong>ad</strong></span> <span class='ocrx_word' id='word_1_53' title='bbox 327 823 510 858; x_wconf 85' lang='lat' dir='ltr'><strong>cultum</strong></span> <span class='ocrx_word' id='word_1_54' title='bbox 561 825 722 860; x_wconf 89' lang='lat' dir='ltr'><strong>anime</strong></span> <span class='ocrx_word' id='word_1_55' title='bbox 781 825 1071 860; x_wconf 84' lang='lat' dir='ltr'><strong>necessarie</strong></span> <span class='ocrx_word' id='word_1_56' title='bbox 1123 836 1222 860; x_wconf 91' lang='lat' dir='ltr'><strong>non</strong></span> <span class='ocrx_word' id='word_1_57' title='bbox 1273 828 1399 868; x_wconf 86' lang='lat' dir='ltr'><strong>sunt,</strong></span> <span class='ocrx_word' id='word_1_58' title='bbox 1450 826 1680 862; x_wconf 85' lang='lat' dir='ltr'><strong>infinitas</strong></span> 
     </span>
     <span class='ocr_line' id='line_1_11' title="bbox 209 883 1678 927; baseline 0.001 -11"><span class='ocrx_word' id='word_1_59' title='bbox 209 883 375 916; x_wconf 85' lang='lat' dir='ltr'><strong>tamen</strong></span> <span class='ocrx_word' id='word_1_60' title='bbox 453 883 860 918; x_wconf 87' lang='lat' dir='ltr'><strong>constituciones</strong></span> <span class='ocrx_word' id='word_1_61' title='bbox 931 884 1077 927; x_wconf 85' lang='lat' dir='ltr'><strong>quasi</strong></span> <span class='ocrx_word' id='word_1_62' title='bbox 1160 884 1344 920; x_wconf 86' lang='lat' dir='ltr'><strong>cotidie</strong></span> <span class='ocrx_word' id='word_1_63' title='bbox 1398 884 1456 919; x_wconf 87' lang='lat' dir='ltr'><strong>ad</strong></span> <span class='ocrx_word' id='word_1_64' title='bbox 1516 895 1678 920; x_wconf 88' lang='lat' dir='ltr'><strong>eorum</strong></span> 
     </span>
     <span class='ocr_line' id='line_1_12' title="bbox 208 941 1117 986; baseline 0.001 -11"><span class='ocrx_word' id='word_1_65' title='bbox 208 941 393 975; x_wconf 90' lang='lat' dir='ltr'><strong>lucrum</strong></span> <span class='ocrx_word' id='word_1_66' title='bbox 418 942 565 977; x_wconf 89' lang='lat' dir='ltr'><strong>nobis</strong></span> <span class='ocrx_word' id='word_1_67' title='bbox 591 942 814 986; x_wconf 83' lang='lat' dir='ltr'><strong>grauiter</strong></span> <span class='ocrx_word' id='word_1_68' title='bbox 839 942 1117 986; x_wconf 87' lang='lat' dir='ltr'><strong>imponunt.</strong></span> 
     </span>
    </p>
   </div>
   <div class='ocr_carea' id='block_1_5' title="bbox 26 0 52 3173">
    <p class='ocr_par' dir='ltr' id='par_1_7' title="bbox 26 0 52 3173">
     <span class='ocr_line' id='line_1_13' title="bbox 26 0 52 3173; baseline 0 0"><span class='ocrx_word' id='word_1_69' title='bbox 26 0 52 3173; x_wconf 95' lang='lat' dir='ltr'><strong> </strong></span> 
     </span>
    </p>
   </div>
   <div class='ocr_carea' id='block_1_6' title="bbox 46 1021 1679 2576">
    <p class='ocr_par' dir='ltr' id='par_1_8' title="bbox 46 1021 1624 1138">
     <span class='ocr_line' id='line_1_14' title="bbox 46 1021 1624 1073; baseline 0 -11"><span class='ocrx_word' id='word_1_70' title='bbox 46 1022 175 1072; x_wconf 71' lang='lat' dir='ltr'><strong>³Capm.</strong></span> <span class='ocrx_word' id='word_1_71' title='bbox 197 1021 262 1060; x_wconf 90' lang='lat' dir='ltr'><strong>iiii.</strong></span> <span class='ocrx_word' id='word_1_72' title='bbox 373 1023 481 1061; x_wconf 91' lang='lat' dir='ltr'><strong>Num</strong></span> <span class='ocrx_word' id='word_1_73' title='bbox 511 1023 578 1062; x_wconf 88' lang='lat' dir='ltr'><strong>dat</strong></span> <span class='ocrx_word' id='word_1_74' title='bbox 608 1036 675 1073; x_wconf 92' lang='lat' dir='ltr'><strong>pre</strong></span> <span class='ocrx_word' id='word_1_75' title='bbox 704 1022 889 1062; x_wconf 84' lang='lat' dir='ltr'><strong>manibus</strong></span> <span class='ocrx_word' id='word_1_76' title='bbox 918 1024 1075 1062; x_wconf 90' lang='lat' dir='ltr'><strong>sceleris</strong></span> <span class='ocrx_word' id='word_1_77' title='bbox 1104 1025 1261 1062; x_wconf 85' lang='lat' dir='ltr'><strong>veniam</strong></span> <span class='ocrx_word' id='word_1_78' title='bbox 1290 1024 1411 1062; x_wconf 88' lang='lat' dir='ltr'><strong>michi</strong></span> <span class='ocrx_word' id='word_1_79' title='bbox 1441 1024 1624 1064; x_wconf 89' lang='lat' dir='ltr'><strong>Cristus?</strong></span> 
     </span>
     <span class='ocr_line' id='line_1_15' title="bbox 318 1089 1227 1138; baseline 0.001 -12"><span class='ocrx_word' id='word_1_80' title='bbox 318 1089 413 1126; x_wconf 91' lang='lat' dir='ltr'><strong>Non</strong></span> <span class='ocrx_word' id='word_1_81' title='bbox 442 1095 552 1138; x_wconf 86' lang='lat' dir='ltr'><strong>puto,</strong></span> <span class='ocrx_word' id='word_1_82' title='bbox 583 1095 642 1127; x_wconf 86' lang='lat' dir='ltr'><strong>set</strong></span> <span class='ocrx_word' id='word_1_83' title='bbox 670 1089 775 1127; x_wconf 81' lang='lat' dir='ltr'><strong>facto</strong></span> <span class='ocrx_word' id='word_1_84' title='bbox 804 1095 893 1138; x_wconf 89' lang='lat' dir='ltr'><strong>post</strong></span> <span class='ocrx_word' id='word_1_85' title='bbox 922 1089 1128 1127; x_wconf 88' lang='lat' dir='ltr'><strong>miseretur</strong></span> <span class='ocrx_word' id='word_1_86' title='bbox 1156 1101 1227 1127; x_wconf 83' lang='lat' dir='ltr'><strong>eo:</strong></span> 
     </span>
    </p>

    <p class='ocr_par' dir='ltr' id='par_1_9' title="bbox 318 1154 1539 1204">
     <span class='ocr_line' id='line_1_16' title="bbox 318 1154 1539 1204; baseline 0.001 -13"><span class='ocrx_word' id='word_1_87' title='bbox 318 1154 400 1193; x_wconf 86' lang='lat' dir='ltr'><strong>Aut</strong></span> <span class='ocrx_word' id='word_1_88' title='bbox 429 1155 539 1204; x_wconf 86' lang='lat' dir='ltr'><strong>quod</strong></span> <span class='ocrx_word' id='word_1_89' title='bbox 568 1160 774 1204; x_wconf 83' lang='lat' dir='ltr'><strong>peccatum</strong></span> <span class='ocrx_word' id='word_1_90' title='bbox 805 1166 888 1192; x_wconf 92' lang='lat' dir='ltr'><strong>non</strong></span> <span class='ocrx_word' id='word_1_91' title='bbox 917 1160 987 1201; x_wconf 89' lang='lat' dir='ltr'><strong>est,</strong></span> <span class='ocrx_word' id='word_1_92' title='bbox 1019 1154 1216 1203; x_wconf 87' lang='lat' dir='ltr'><strong>numquid</strong></span> <span class='ocrx_word' id='word_1_93' title='bbox 1244 1154 1539 1203; x_wconf 87' lang='lat' dir='ltr'><strong>prohibendum</strong></span> 
     </span>
    </p>

    <p class='ocr_par' dir='ltr' id='par_1_10' title="bbox 317 1219 1679 1399">
     <span class='ocr_line' id='line_1_17' title="bbox 317 1219 1679 1266; baseline -0.002 -8"><span class='ocrx_word' id='word_1_94' title='bbox 317 1222 412 1259; x_wconf 93' lang='lat' dir='ltr'><strong>Hoc</strong></span> <span class='ocrx_word' id='word_1_95' title='bbox 442 1221 593 1259; x_wconf 89' lang='lat' dir='ltr'><strong>Cristus</strong></span> <span class='ocrx_word' id='word_1_96' title='bbox 623 1220 786 1258; x_wconf 82' lang='lat' dir='ltr'><strong>statuit?</strong></span> <span class='ocrx_word' id='word_1_97' title='bbox 823 1219 916 1257; x_wconf 83' lang='lat' dir='ltr'><strong>talia</strong></span> <span class='ocrx_word' id='word_1_98' title='bbox 944 1219 1051 1256; x_wconf 87' lang='lat' dir='ltr'><strong>nulla</strong></span> <span class='ocrx_word' id='word_1_99' title='bbox 1079 1219 1182 1256; x_wconf 81' lang='lat' dir='ltr'><strong>facit.</strong></span> <span class='ocrx_word' id='word_1_100' title='bbox 1615 1235 1679 1266; x_wconf 82' lang='lat'><strong>230</strong></span> 
     </span>
     <span class='ocr_line' id='line_1_18' title="bbox 319 1282 1591 1335; baseline -0.003 -11"><span class='ocrx_word' id='word_1_101' title='bbox 319 1286 439 1323; x_wconf 91' lang='lat' dir='ltr'><strong>Nunc</strong></span> <span class='ocrx_word' id='word_1_102' title='bbox 467 1292 537 1332; x_wconf 87' lang='lat' dir='ltr'><strong>set,</strong></span> <span class='ocrx_word' id='word_1_103' title='bbox 569 1298 647 1335; x_wconf 88' lang='lat' dir='ltr'><strong>que</strong></span> <span class='ocrx_word' id='word_1_104' title='bbox 678 1285 809 1334; x_wconf 87' lang='lat' dir='ltr'><strong>Moysi</strong></span> <span class='ocrx_word' id='word_1_105' title='bbox 839 1296 969 1333; x_wconf 89' lang='lat' dir='ltr'><strong>neque</strong></span> <span class='ocrx_word' id='word_1_106' title='bbox 997 1284 1060 1322; x_wconf 87' lang='lat' dir='ltr'><strong>lex</strong></span> <span class='ocrx_word' id='word_1_107' title='bbox 1088 1282 1272 1333; x_wconf 86' lang='lat' dir='ltr'><strong>prohibet</strong></span> <span class='ocrx_word' id='word_1_108' title='bbox 1301 1295 1432 1333; x_wconf 88' lang='lat' dir='ltr'><strong>neque</strong></span> <span class='ocrx_word' id='word_1_109' title='bbox 1461 1283 1591 1330; x_wconf 88' lang='lat' dir='ltr'><strong>Cristi,</strong></span> 
     </span>
     <span class='ocr_line' id='line_1_19' title="bbox 319 1348 1263 1399; baseline -0.001 -11"><span class='ocrx_word' id='word_1_110' title='bbox 319 1351 494 1389; x_wconf 84' lang='lat' dir='ltr'><strong>Plurima</strong></span> <span class='ocrx_word' id='word_1_111' title='bbox 522 1351 690 1389; x_wconf 83' lang='lat' dir='ltr'><strong>decretis</strong></span> <span class='ocrx_word' id='word_1_112' title='bbox 720 1349 816 1388; x_wconf 84' lang='lat' dir='ltr'><strong>dant</strong></span> <span class='ocrx_word' id='word_1_113' title='bbox 844 1348 1094 1399; x_wconf 83' lang='lat' dir='ltr'><strong>prohibenda</strong></span> <span class='ocrx_word' id='word_1_114' title='bbox 1122 1349 1238 1387; x_wconf 87' lang='lat' dir='ltr'><strong>nouis</strong></span> <span class='ocrx_word' id='word_1_115' title='bbox 1252 1363 1263 1397; x_wconf 82' lang='lat'><em>3</em></span> 
     </span>
    </p>

    <p class='ocr_par' dir='ltr' id='par_1_11' title="bbox 318 1414 1437 1465">
     <span class='ocr_line' id='line_1_20' title="bbox 318 1414 1437 1465; baseline -0.003 -11"><span class='ocrx_word' id='word_1_116' title='bbox 318 1417 385 1455; x_wconf 89' lang='lat' dir='ltr'><strong>Set</strong></span> <span class='ocrx_word' id='word_1_117' title='bbox 414 1416 534 1454; x_wconf 89' lang='lat' dir='ltr'><strong>michi</strong></span> <span class='ocrx_word' id='word_1_118' title='bbox 563 1428 642 1465; x_wconf 88' lang='lat' dir='ltr'><strong>que</strong></span> <span class='ocrx_word' id='word_1_119' title='bbox 671 1421 849 1454; x_wconf 75' lang='lat' dir='ltr'><strong>statuunt</strong></span> <span class='ocrx_word' id='word_1_120' title='bbox 877 1414 999 1452; x_wconf 87' lang='lat' dir='ltr'><strong>hodie</strong></span> <span class='ocrx_word' id='word_1_121' title='bbox 1028 1420 1201 1464; x_wconf 81' lang='lat' dir='ltr'><strong>peccata,</strong></span> <span class='ocrx_word' id='word_1_122' title='bbox 1231 1414 1437 1452; x_wconf 88' lang='lat' dir='ltr'><strong>remittunt</strong></span> 
     </span>
    </p>

    <p class='ocr_par' dir='ltr' id='par_1_12' title="bbox 318 1480 1317 1529">
     <span class='ocr_line' id='line_1_21' title="bbox 318 1480 1317 1529; baseline -0.004 -8"><span class='ocrx_word' id='word_1_123' title='bbox 318 1482 426 1528; x_wconf 85' lang='lat' dir='ltr'><strong>Cras,</strong></span> <span class='ocrx_word' id='word_1_124' title='bbox 458 1481 532 1520; x_wconf 89' lang='lat' dir='ltr'><strong>sibi</strong></span> <span class='ocrx_word' id='word_1_125' title='bbox 563 1482 594 1519; x_wconf 90' lang='lat' dir='ltr'><strong>si</strong></span> <span class='ocrx_word' id='word_1_126' title='bbox 624 1481 796 1519; x_wconf 89' lang='lat' dir='ltr'><strong>dedero:</strong></span> <span class='ocrx_word' id='word_1_127' title='bbox 835 1480 886 1518; x_wconf 93' lang='lat' dir='ltr'><strong>de</strong></span> <span class='ocrx_word' id='word_1_128' title='bbox 915 1480 1060 1529; x_wconf 84' lang='lat' dir='ltr'><strong>quibus</strong></span> <span class='ocrx_word' id='word_1_129' title='bbox 1089 1492 1182 1529; x_wconf 85' lang='lat' dir='ltr'><strong>ergo</strong></span> <span class='ocrx_word' id='word_1_130' title='bbox 1210 1486 1317 1529; x_wconf 91' lang='lat' dir='ltr'><strong>peto.</strong></span> 
     </span>
    </p>

    <p class='ocr_par' dir='ltr' id='par_1_13' title="bbox 320 1545 1415 1596">
     <span class='ocr_line' id='line_1_22' title="bbox 320 1545 1415 1596; baseline -0.003 -11"><span class='ocrx_word' id='word_1_131' title='bbox 320 1549 402 1585; x_wconf 87' lang='lat' dir='ltr'><strong>Aut</strong></span> <span class='ocrx_word' id='word_1_132' title='bbox 430 1554 488 1585; x_wconf 89' lang='lat' dir='ltr'><strong>est</strong></span> <span class='ocrx_word' id='word_1_133' title='bbox 518 1546 627 1596; x_wconf 88' lang='lat' dir='ltr'><strong>quod</strong></span> <span class='ocrx_word' id='word_1_134' title='bbox 655 1546 811 1595; x_wconf 87' lang='lat' dir='ltr'><strong>proprie</strong></span> <span class='ocrx_word' id='word_1_135' title='bbox 840 1558 900 1584; x_wconf 89' lang='lat' dir='ltr'><strong>res</strong></span> <span class='ocrx_word' id='word_1_136' title='bbox 929 1551 1138 1595; x_wconf 83' lang='lat' dir='ltr'><strong>peccatum</strong></span> <span class='ocrx_word' id='word_1_137' title='bbox 1166 1545 1264 1595; x_wconf 88' lang='lat' dir='ltr'><strong>gerit</strong></span> <span class='ocrx_word' id='word_1_138' title='bbox 1294 1545 1334 1582; x_wconf 91' lang='lat' dir='ltr'><strong>in</strong></span> <span class='ocrx_word' id='word_1_139' title='bbox 1364 1557 1415 1591; x_wconf 90' lang='lat' dir='ltr'><strong>se,</strong></span> 
     </span>
    </p>

    <p class='ocr_par' dir='ltr' id='par_1_14' title="bbox 320 1610 1234 1660">
     <span class='ocr_line' id='line_1_23' title="bbox 320 1610 1234 1660; baseline -0.002 -10"><span class='ocrx_word' id='word_1_140' title='bbox 320 1613 404 1650; x_wconf 87' lang='lat' dir='ltr'><strong>Aut</strong></span> <span class='ocrx_word' id='word_1_141' title='bbox 433 1612 507 1650; x_wconf 91' lang='lat' dir='ltr'><strong>nisi</strong></span> <span class='ocrx_word' id='word_1_142' title='bbox 537 1612 585 1650; x_wconf 87' lang='lat' dir='ltr'><strong>sit</strong></span> <span class='ocrx_word' id='word_1_143' title='bbox 613 1612 744 1658; x_wconf 82' lang='lat' dir='ltr'><strong>vetita,</strong></span> <span class='ocrx_word' id='word_1_144' title='bbox 776 1624 858 1649; x_wconf 88' lang='lat' dir='ltr'><strong>non</strong></span> <span class='ocrx_word' id='word_1_145' title='bbox 888 1611 987 1649; x_wconf 84' lang='lat' dir='ltr'><strong>foret</strong></span> <span class='ocrx_word' id='word_1_146' title='bbox 1016 1611 1100 1660; x_wconf 78' lang='lat' dir='ltr'><strong>ipsa</strong></span> <span class='ocrx_word' id='word_1_147' title='bbox 1121 1610 1234 1648; x_wconf 84' lang='lat' dir='ltr'><strong>mala.</strong></span> 
     </span>
    </p>

    <p class='ocr_par' dir='ltr' id='par_1_15' title="bbox 324 1675 1481 1726">
     <span class='ocr_line' id='line_1_24' title="bbox 324 1675 1481 1726; baseline -0.003 -11"><span class='ocrx_word' id='word_1_148' title='bbox 324 1678 396 1715; x_wconf 89' lang='lat' dir='ltr'><strong>Est</strong></span> <span class='ocrx_word' id='word_1_149' title='bbox 425 1677 457 1715; x_wconf 87' lang='lat' dir='ltr'><strong>si</strong></span> <span class='ocrx_word' id='word_1_150' title='bbox 486 1683 706 1726; x_wconf 81' lang='lat' dir='ltr'><strong>peccatum,</strong></span> <span class='ocrx_word' id='word_1_151' title='bbox 737 1683 832 1714; x_wconf 86' lang='lat' dir='ltr'><strong>tunc</strong></span> <span class='ocrx_word' id='word_1_152' title='bbox 862 1689 941 1723; x_wconf 88' lang='lat' dir='ltr'><strong>cur,</strong></span> <span class='ocrx_word' id='word_1_153' title='bbox 973 1688 1093 1725; x_wconf 84' lang='lat' dir='ltr'><strong>quam</strong></span> <span class='ocrx_word' id='word_1_154' title='bbox 1123 1676 1171 1713; x_wconf 83' lang='lat' dir='ltr'><strong>sit</strong></span> <span class='ocrx_word' id='word_1_155' title='bbox 1200 1675 1307 1724; x_wconf 89' lang='lat' dir='ltr'><strong>prius</strong></span> <span class='ocrx_word' id='word_1_156' title='bbox 1336 1681 1481 1721; x_wconf 84' lang='lat' dir='ltr'><strong>actum,</strong></span> 
     </span>
    </p>

    <p class='ocr_par' dir='ltr' id='par_1_16' title="bbox 322 1740 1262 1790">
     <span class='ocr_line' id='line_1_25' title="bbox 322 1740 1262 1790; baseline -0.003 -10"><span class='ocrx_word' id='word_1_157' title='bbox 322 1743 474 1780; x_wconf 82' lang='lat' dir='ltr'><strong>Prestat</strong></span> <span class='ocrx_word' id='word_1_158' title='bbox 503 1742 610 1780; x_wconf 90' lang='lat' dir='ltr'><strong>idem</strong></span> <span class='ocrx_word' id='word_1_159' title='bbox 640 1742 813 1779; x_wconf 87' lang='lat' dir='ltr'><strong>nummis</strong></span> <span class='ocrx_word' id='word_1_160' title='bbox 843 1754 960 1790; x_wconf 89' lang='lat' dir='ltr'><strong>posse</strong></span> <span class='ocrx_word' id='word_1_161' title='bbox 988 1741 1106 1778; x_wconf 87' lang='lat' dir='ltr'><strong>licere</strong></span> <span class='ocrx_word' id='word_1_162' title='bbox 1134 1740 1262 1778; x_wconf 88' lang='lat' dir='ltr'><strong>meis?</strong></span> 
     </span>
    </p>

    <p class='ocr_par' dir='ltr' id='par_1_17' title="bbox 323 1805 1302 1854">
     <span class='ocr_line' id='line_1_26' title="bbox 323 1805 1302 1854; baseline -0.004 -9"><span class='ocrx_word' id='word_1_163' title='bbox 323 1808 396 1846; x_wconf 91' lang='lat' dir='ltr'><strong>Est</strong></span> <span class='ocrx_word' id='word_1_164' title='bbox 425 1808 456 1845; x_wconf 88' lang='lat' dir='ltr'><strong>si</strong></span> <span class='ocrx_word' id='word_1_165' title='bbox 485 1820 545 1845; x_wconf 87' lang='lat' dir='ltr'><strong>res</strong></span> <span class='ocrx_word' id='word_1_166' title='bbox 574 1807 690 1854; x_wconf 82' lang='lat' dir='ltr'><strong>licita,</strong></span> <span class='ocrx_word' id='word_1_167' title='bbox 722 1814 817 1844; x_wconf 89' lang='lat' dir='ltr'><strong>tunc</strong></span> <span class='ocrx_word' id='word_1_168' title='bbox 846 1819 915 1844; x_wconf 89' lang='lat' dir='ltr'><strong>cur</strong></span> <span class='ocrx_word' id='word_1_169' title='bbox 943 1818 1013 1843; x_wconf 83' lang='lat' dir='ltr'><strong>sua</strong></span> <span class='ocrx_word' id='word_1_170' title='bbox 1041 1806 1102 1843; x_wconf 87' lang='lat' dir='ltr'><strong>lex</strong></span> <span class='ocrx_word' id='word_1_171' title='bbox 1132 1805 1302 1854; x_wconf 81' lang='lat' dir='ltr'><strong>positiua</strong></span> 
     </span>
    </p>

    <p class='ocr_par' dir='ltr' id='par_1_18' title="bbox 320 1870 1678 1986">
     <span class='ocr_line' id='line_1_27' title="bbox 321 1870 1678 1921; baseline -0.004 -10"><span class='ocrx_word' id='word_1_172' title='bbox 321 1874 442 1911; x_wconf 85' lang='lat' dir='ltr'><strong>Hanc</strong></span> <span class='ocrx_word' id='word_1_173' title='bbox 470 1873 554 1910; x_wconf 87' lang='lat' dir='ltr'><strong>fore</strong></span> <span class='ocrx_word' id='word_1_174' title='bbox 582 1872 879 1921; x_wconf 79' lang='lat' dir='ltr'><strong>dampnandam</strong></span> <span class='ocrx_word' id='word_1_175' title='bbox 909 1871 1084 1909; x_wconf 84' lang='lat' dir='ltr'><strong>striccius</strong></span> <span class='ocrx_word' id='word_1_176' title='bbox 1113 1875 1212 1907; x_wconf 82' lang='lat' dir='ltr'><strong>artat</strong></span> <span class='ocrx_word' id='word_1_177' title='bbox 1241 1870 1359 1907; x_wconf 84' lang='lat' dir='ltr'><strong>eam?</strong></span> <span class='ocrx_word' id='word_1_178' title='bbox 1616 1884 1678 1915; x_wconf 82' lang='lat'><strong>240</strong></span> 
     </span>
     <span class='ocr_line' id='line_1_28' title="bbox 320 1934 1426 1986; baseline -0.005 -9"><span class='ocrx_word' id='word_1_179' title='bbox 320 1940 415 1977; x_wconf 90' lang='lat' dir='ltr'><strong>Hoc</strong></span> <span class='ocrx_word' id='word_1_180' title='bbox 445 1939 496 1977; x_wconf 93' lang='lat' dir='ltr'><strong>de</strong></span> <span class='ocrx_word' id='word_1_181' title='bbox 526 1938 678 1976; x_wconf 81' lang='lat' dir='ltr'><strong>iusticia</strong></span> <span class='ocrx_word' id='word_1_182' title='bbox 706 1944 803 1986; x_wconf 90' lang='lat' dir='ltr'><strong>puto</strong></span> <span class='ocrx_word' id='word_1_183' title='bbox 834 1949 914 1974; x_wconf 91' lang='lat' dir='ltr'><strong>non</strong></span> <span class='ocrx_word' id='word_1_184' title='bbox 944 1936 1061 1982; x_wconf 88' lang='lat' dir='ltr'><strong>venit,</strong></span> <span class='ocrx_word' id='word_1_185' title='bbox 1093 1935 1216 1972; x_wconf 88' lang='lat' dir='ltr'><strong>immo</strong></span> <span class='ocrx_word' id='word_1_186' title='bbox 1245 1934 1426 1972; x_wconf 81' lang='lat' dir='ltr'><strong>voluntas</strong></span> 
     </span>
    </p>

    <p class='ocr_par' dir='ltr' id='par_1_19' title="bbox 318 2000 1127 2051">
     <span class='ocr_line' id='line_1_29' title="bbox 318 2000 1127 2051; baseline -0.004 -10"><span class='ocrx_word' id='word_1_187' title='bbox 318 2004 467 2042; x_wconf 85' lang='lat' dir='ltr'><strong>Taliter</strong></span> <span class='ocrx_word' id='word_1_188' title='bbox 495 2010 534 2042; x_wconf 90' lang='lat' dir='ltr'><strong>vt</strong></span> <span class='ocrx_word' id='word_1_189' title='bbox 563 2004 630 2041; x_wconf 83' lang='lat' dir='ltr'><strong>fiat</strong></span> <span class='ocrx_word' id='word_1_190' title='bbox 658 2003 764 2040; x_wconf 83' lang='lat' dir='ltr'><strong>lucra</strong></span> <span class='ocrx_word' id='word_1_191' title='bbox 793 2002 967 2051; x_wconf 90' lang='lat' dir='ltr'><strong>petendo</strong></span> <span class='ocrx_word' id='word_1_192' title='bbox 996 2000 1127 2039; x_wconf 87' lang='lat' dir='ltr'><strong>iubet:</strong></span> 
     </span>
    </p>

    <p class='ocr_par' dir='ltr' id='par_1_20' title="bbox 318 2066 1356 2118">
     <span class='ocr_line' id='line_1_30' title="bbox 318 2066 1356 2118; baseline -0.005 -11"><span class='ocrx_word' id='word_1_193' title='bbox 318 2070 536 2118; x_wconf 85' lang='lat' dir='ltr'><strong>Exequitur</strong></span> <span class='ocrx_word' id='word_1_194' title='bbox 565 2069 665 2106; x_wconf 87' lang='lat' dir='ltr'><strong>iuste</strong></span> <span class='ocrx_word' id='word_1_195' title='bbox 693 2081 775 2106; x_wconf 90' lang='lat' dir='ltr'><strong>rem</strong></span> <span class='ocrx_word' id='word_1_196' title='bbox 805 2068 959 2115; x_wconf 84' lang='lat' dir='ltr'><strong>iustam,</strong></span> <span class='ocrx_word' id='word_1_197' title='bbox 990 2066 1058 2116; x_wconf 88' lang='lat' dir='ltr'><strong>qui</strong></span> <span class='ocrx_word' id='word_1_198' title='bbox 1087 2066 1191 2104; x_wconf 88' lang='lat' dir='ltr'><strong>bene</strong></span> <span class='ocrx_word' id='word_1_199' title='bbox 1218 2077 1356 2103; x_wconf 82' lang='lat' dir='ltr'><strong>causas</strong></span> 
     </span>
    </p>

    <p class='ocr_par' dir='ltr' id='par_1_21' title="bbox 325 2131 1163 2180">
     <span class='ocr_line' id='line_1_31' title="bbox 325 2131 1163 2180; baseline -0.007 -6"><span class='ocrx_word' id='word_1_200' title='bbox 325 2136 418 2174; x_wconf 89' lang='lat' dir='ltr'><strong>Non</strong></span> <span class='ocrx_word' id='word_1_201' title='bbox 447 2135 531 2173; x_wconf 88' lang='lat' dir='ltr'><strong>zelo</strong></span> <span class='ocrx_word' id='word_1_202' title='bbox 561 2133 713 2172; x_wconf 90' lang='lat' dir='ltr'><strong>nummi</strong></span> <span class='ocrx_word' id='word_1_203' title='bbox 744 2134 901 2180; x_wconf 84' lang='lat' dir='ltr'><strong>iudicat,</strong></span> <span class='ocrx_word' id='word_1_204' title='bbox 934 2133 1056 2170; x_wconf 88' lang='lat' dir='ltr'><strong>immo</strong></span> <span class='ocrx_word' id='word_1_205' title='bbox 1086 2131 1163 2169; x_wconf 91' lang='lat' dir='ltr'><strong>dei.</strong></span> 
     </span>
    </p>

    <p class='ocr_par' dir='ltr' id='par_1_22' title="bbox 329 2196 1386 2250">
     <span class='ocr_line' id='line_1_32' title="bbox 329 2196 1386 2250; baseline -0.006 -11"><span class='ocrx_word' id='word_1_206' title='bbox 329 2199 505 2250; x_wconf 85' lang='lat' dir='ltr'><strong>Legibus</strong></span> <span class='ocrx_word' id='word_1_207' title='bbox 534 2200 701 2239; x_wconf 87' lang='lat' dir='ltr'><strong>ecclesie</strong></span> <span class='ocrx_word' id='word_1_208' title='bbox 730 2199 921 2249; x_wconf 85' lang='lat' dir='ltr'><strong>quicquid</strong></span> <span class='ocrx_word' id='word_1_209' title='bbox 951 2198 999 2236; x_wconf 87' lang='lat' dir='ltr'><strong>sit</strong></span> <span class='ocrx_word' id='word_1_210' title='bbox 1028 2198 1067 2234; x_wconf 92' lang='lat' dir='ltr'><strong>in</strong></span> <span class='ocrx_word' id='word_1_211' title='bbox 1098 2196 1193 2235; x_wconf 91' lang='lat' dir='ltr'><strong>orbe</strong></span> <span class='ocrx_word' id='word_1_212' title='bbox 1222 2196 1386 2246; x_wconf 81' lang='lat' dir='ltr'><strong>ligatum</strong></span> 
     </span>
    </p>

    <p class='ocr_par' dir='ltr' id='par_1_23' title="bbox 323 2263 1135 2313">
     <span class='ocr_line' id='line_1_33' title="bbox 323 2263 1135 2313; baseline -0.005 -9"><span class='ocrx_word' id='word_1_213' title='bbox 323 2267 382 2304; x_wconf 85' lang='lat' dir='ltr'><strong>Ex</strong></span> <span class='ocrx_word' id='word_1_214' title='bbox 411 2266 512 2304; x_wconf 84' lang='lat' dir='ltr'><strong>iusta</strong></span> <span class='ocrx_word' id='word_1_215' title='bbox 540 2278 670 2313; x_wconf 84' lang='lat' dir='ltr'><strong>causa,</strong></span> <span class='ocrx_word' id='word_1_216' title='bbox 701 2265 821 2303; x_wconf 90' lang='lat' dir='ltr'><strong>credo</strong></span> <span class='ocrx_word' id='word_1_217' title='bbox 850 2264 968 2313; x_wconf 83' lang='lat' dir='ltr'><strong>ligare</strong></span> <span class='ocrx_word' id='word_1_218' title='bbox 996 2263 1135 2301; x_wconf 85' lang='lat' dir='ltr'><strong>decet:</strong></span> 
     </span>
    </p>

    <p class='ocr_par' dir='ltr' id='par_1_24' title="bbox 324 2326 1437 2377">
     <span class='ocr_line' id='line_1_34' title="bbox 324 2326 1437 2377; baseline -0.007 -7"><span class='ocrx_word' id='word_1_219' title='bbox 324 2332 392 2371; x_wconf 89' lang='lat' dir='ltr'><strong>Set</strong></span> <span class='ocrx_word' id='word_1_220' title='bbox 421 2332 542 2369; x_wconf 90' lang='lat' dir='ltr'><strong>nichil</strong></span> <span class='ocrx_word' id='word_1_221' title='bbox 571 2331 761 2368; x_wconf 87' lang='lat' dir='ltr'><strong>iniustum</strong></span> <span class='ocrx_word' id='word_1_222' title='bbox 790 2330 888 2367; x_wconf 87' lang='lat' dir='ltr'><strong>deus</strong></span> <span class='ocrx_word' id='word_1_223' title='bbox 918 2328 1071 2377; x_wconf 86' lang='lat' dir='ltr'><strong>accipit,</strong></span> <span class='ocrx_word' id='word_1_224' title='bbox 1102 2326 1208 2365; x_wconf 93' lang='lat' dir='ltr'><strong>vnde</strong></span> <span class='ocrx_word' id='word_1_225' title='bbox 1237 2338 1311 2364; x_wconf 91' lang='lat' dir='ltr'><strong>nec</strong></span> <span class='ocrx_word' id='word_1_226' title='bbox 1339 2326 1437 2363; x_wconf 81' lang='lat' dir='ltr'><strong>alter</strong></span> 
     </span>
    </p>

    <p class='ocr_par' dir='ltr' id='par_1_25' title="bbox 320 2394 1220 2446">
     <span class='ocr_line' id='line_1_35' title="bbox 320 2394 1220 2446; baseline -0.006 -11"><span class='ocrx_word' id='word_1_227' title='bbox 320 2398 525 2435; x_wconf 85' lang='lat' dir='ltr'><strong>Affirmare</strong></span> <span class='ocrx_word' id='word_1_228' title='bbox 553 2403 682 2446; x_wconf 86' lang='lat' dir='ltr'><strong>potest</strong></span> <span class='ocrx_word' id='word_1_229' title='bbox 712 2395 821 2445; x_wconf 85' lang='lat' dir='ltr'><strong>quod</strong></span> <span class='ocrx_word' id='word_1_230' title='bbox 850 2395 948 2432; x_wconf 91' lang='lat' dir='ltr'><strong>deus</strong></span> <span class='ocrx_word' id='word_1_231' title='bbox 978 2394 1061 2443; x_wconf 88' lang='lat' dir='ltr'><strong>ipse</strong></span> <span class='ocrx_word' id='word_1_232' title='bbox 1091 2397 1220 2441; x_wconf 81' lang='lat' dir='ltr'><strong>negat.</strong></span> 
     </span>
    </p>

    <p class='ocr_par' dir='ltr' id='par_1_26' title="bbox 320 2456 1372 2509">
     <span class='ocr_line' id='line_1_36' title="bbox 320 2456 1372 2509; baseline -0.009 -8"><span class='ocrx_word' id='word_1_233' title='bbox 320 2463 457 2501; x_wconf 90' lang='lat' dir='ltr'><strong>Alcius</strong></span> <span class='ocrx_word' id='word_1_234' title='bbox 485 2474 578 2500; x_wconf 91' lang='lat' dir='ltr'><strong>ecce</strong></span> <span class='ocrx_word' id='word_1_235' title='bbox 606 2462 744 2500; x_wconf 89' lang='lat' dir='ltr'><strong>Simon</strong></span> <span class='ocrx_word' id='word_1_236' title='bbox 772 2466 939 2509; x_wconf 82' lang='lat' dir='ltr'><strong>temptat</strong></span> <span class='ocrx_word' id='word_1_237' title='bbox 967 2469 1158 2496; x_wconf 83' lang='lat' dir='ltr'><strong>renouare</strong></span> <span class='ocrx_word' id='word_1_238' title='bbox 1186 2456 1372 2500; x_wconf 85' lang='lat' dir='ltr'><strong>volatum,</strong></span> 
     </span>
    </p>

    <p class='ocr_par' dir='ltr' id='par_1_27' title="bbox 322 2523 1679 2576">
     <span class='ocr_line' id='line_1_37' title="bbox 322 2523 1679 2576; baseline -0.009 -9"><span class='ocrx_word' id='word_1_239' title='bbox 322 2528 386 2566; x_wconf 91' lang='lat' dir='ltr'><strong>Ne</strong></span> <span class='ocrx_word' id='word_1_240' title='bbox 414 2528 529 2566; x_wconf 84' lang='lat' dir='ltr'><strong>cadat</strong></span> <span class='ocrx_word' id='word_1_241' title='bbox 558 2527 641 2576; x_wconf 89' lang='lat' dir='ltr'><strong>ipse</strong></span> <span class='ocrx_word' id='word_1_242' title='bbox 670 2537 778 2564; x_wconf 90' lang='lat' dir='ltr'><strong>nouo</strong></span> <span class='ocrx_word' id='word_1_243' title='bbox 807 2525 918 2574; x_wconf 83' lang='lat' dir='ltr'><strong>plura</strong></span> <span class='ocrx_word' id='word_1_244' title='bbox 948 2523 1085 2560; x_wconf 89' lang='lat' dir='ltr'><strong>timere</strong></span> <span class='ocrx_word' id='word_1_245' title='bbox 1114 2526 1254 2571; x_wconf 84' lang='lat' dir='ltr'><strong>potest.</strong></span> <span class='ocrx_word' id='word_1_246' title='bbox 1616 2534 1679 2566; x_wconf 85' lang='lat'><strong>250</strong></span> 
     </span>
    </p>
   </div>
   <div class='ocr_carea' id='block_1_7' title="bbox 43 1494 45 2396">
    <p class='ocr_par' dir='ltr' id='par_1_28' title="bbox 43 1494 45 2396">
     <span class='ocr_line' id='line_1_38' title="bbox 43 1494 45 2396; baseline 0 0"><span class='ocrx_word' id='word_1_247' title='bbox 43 1494 45 2396; x_wconf 95' lang='lat' dir='ltr'><strong> </strong></span> 
     </span>
    </p>
   </div>
   <div class='ocr_carea' id='block_1_8' title="bbox 215 2632 1679 2839">
    <p class='ocr_par' dir='ltr' id='par_1_29' title="bbox 215 2632 1679 2839">
     <span class='ocr_line' id='line_1_39' title="bbox 257 2632 1678 2682; baseline -0.008 -8"><span class='ocrx_word' id='word_1_248' title='bbox 257 2642 418 2682; x_wconf 82' lang='lat' dir='ltr'><strong>Headz&#39;ng</strong></span> <span class='ocrx_word' id='word_1_249' title='bbox 443 2641 510 2672; x_wconf 93' lang='lat' dir='ltr'><strong>Hic</strong></span> <span class='ocrx_word' id='word_1_250' title='bbox 536 2641 683 2680; x_wconf 85' lang='lat' dir='ltr'><strong>loquitur</strong></span> <span class='ocrx_word' id='word_1_251' title='bbox 711 2639 881 2679; x_wconf 90' lang='lat' dir='ltr'><strong>quomodo</strong></span> <span class='ocrx_word' id='word_1_252' title='bbox 908 2638 950 2669; x_wconf 91' lang='lat' dir='ltr'><strong>de</strong></span> <span class='ocrx_word' id='word_1_253' title='bbox 976 2637 1109 2676; x_wconf 87' lang='lat' dir='ltr'><strong>legibus</strong></span> <span class='ocrx_word' id='word_1_254' title='bbox 1136 2633 1292 2675; x_wconf 88' lang='lat' dir='ltr'><strong>positiuis</strong></span> <span class='ocrx_word' id='word_1_255' title='bbox 1319 2632 1414 2672; x_wconf 85' lang='lat' dir='ltr'><strong>quasi</strong></span> <span class='ocrx_word' id='word_1_256' title='bbox 1442 2632 1566 2663; x_wconf 85' lang='lat' dir='ltr'><strong>cotidie</strong></span> <span class='ocrx_word' id='word_1_257' title='bbox 1590 2642 1678 2664; x_wconf 85' lang='lat' dir='ltr'><strong>noua</strong></span> 
     </span>
     <span class='ocr_line' id='line_1_40' title="bbox 215 2683 1679 2731; baseline -0.01 -5"><span class='ocrx_word' id='word_1_258' title='bbox 215 2695 440 2727; x_wconf 82' lang='lat' dir='ltr'><strong>instituuntur</strong></span> <span class='ocrx_word' id='word_1_259' title='bbox 466 2692 564 2723; x_wconf 90' lang='lat' dir='ltr'><strong>nobis</strong></span> <span class='ocrx_word' id='word_1_260' title='bbox 594 2696 747 2731; x_wconf 82' lang='lat' dir='ltr'><strong>peccata,</strong></span> <span class='ocrx_word' id='word_1_261' title='bbox 775 2691 898 2730; x_wconf 89' lang='lat' dir='ltr'><strong>quibus</strong></span> <span class='ocrx_word' id='word_1_262' title='bbox 926 2694 1038 2720; x_wconf 85' lang='lat' dir='ltr'><strong>tamen</strong></span> <span class='ocrx_word' id='word_1_263' title='bbox 1064 2687 1259 2727; x_wconf 85' lang='lat' dir='ltr'><strong>priusquam</strong></span> <span class='ocrx_word' id='word_1_264' title='bbox 1284 2685 1367 2715; x_wconf 83' lang='lat' dir='ltr'><strong>fiant</strong></span> <span class='ocrx_word' id='word_1_265' title='bbox 1392 2683 1511 2723; x_wconf 80' lang='lat' dir='ltr'><strong>prelati</strong></span> <span class='ocrx_word' id='word_1_266' title='bbox 1539 2688 1679 2723; x_wconf 83' lang='lat' dir='ltr'><strong>propter</strong></span> 
     </span>
     <span class='ocr_line' id='line_1_41' title="bbox 218 2735 1678 2785; baseline -0.009 -8"><span class='ocrx_word' id='word_1_267' title='bbox 218 2747 348 2777; x_wconf 87' lang='lat' dir='ltr'><strong>lucrum</strong></span> <span class='ocrx_word' id='word_1_268' title='bbox 381 2746 592 2785; x_wconf 84' lang='lat' dir='ltr'><strong>dispensant,</strong></span> <span class='ocrx_word' id='word_1_269' title='bbox 624 2748 659 2774; x_wconf 89' lang='lat' dir='ltr'><strong>et</strong></span> <span class='ocrx_word' id='word_1_270' title='bbox 689 2754 730 2774; x_wconf 86' lang='lat' dir='ltr'><strong>ea</strong></span> <span class='ocrx_word' id='word_1_271' title='bbox 762 2743 834 2773; x_wconf 90' lang='lat' dir='ltr'><strong>fieri</strong></span> <span class='ocrx_word' id='word_1_272' title='bbox 866 2742 972 2772; x_wconf 87' lang='lat' dir='ltr'><strong>libere</strong></span> <span class='ocrx_word' id='word_1_273' title='bbox 1011 2743 1150 2779; x_wconf 86' lang='lat' dir='ltr'><strong>propter</strong></span> <span class='ocrx_word' id='word_1_274' title='bbox 1185 2747 1302 2768; x_wconf 85' lang='lat' dir='ltr'><strong>aurum</strong></span> <span class='ocrx_word' id='word_1_275' title='bbox 1335 2735 1536 2775; x_wconf 86' lang='lat' dir='ltr'><strong>permittunt</strong></span> <span class='ocrx_word' id='word_1_276' title='bbox 1572 2735 1678 2766; x_wconf 87' lang='lat' dir='ltr'>LTH2</span> 
     </span>
     <span class='ocr_line' id='line_1_42' title="bbox 219 2786 1536 2839; baseline -0.01 -10"><span class='ocrx_word' id='word_1_277' title='bbox 219 2797 304 2839; x_wconf 87' lang='lat' dir='ltr'><strong>(Hic</strong></span> <span class='ocrx_word' id='word_1_278' title='bbox 320 2796 486 2837; x_wconf 89' lang='lat' dir='ltr'><strong>quomodo</strong></span> <span class='ocrx_word' id='word_1_279' title='bbox 501 2795 722 2835; x_wconf 83' lang='lat' dir='ltr'><strong>diligentibus</strong></span> <span class='ocrx_word' id='word_1_280' title='bbox 738 2793 894 2834; x_wconf 83' lang='lat' dir='ltr'><strong>positiuis</strong></span> <span class='ocrx_word' id='word_1_281' title='bbox 911 2817 920 2825; x_wconf 91' lang='lat'>.</span> <span class='ocrx_word' id='word_1_282' title='bbox 940 2817 948 2825; x_wconf 88' lang='lat'><strong>.</strong></span> <span class='ocrx_word' id='word_1_283' title='bbox 965 2817 972 2824; x_wconf 89' lang='lat'><strong>.</strong></span> <span class='ocrx_word' id='word_1_284' title='bbox 990 2791 1082 2832; x_wconf 86' lang='lat' dir='ltr'><strong>prius</strong></span> <span class='ocrx_word' id='word_1_285' title='bbox 1098 2790 1181 2821; x_wconf 85' lang='lat' dir='ltr'><strong>fiant</strong></span> <span class='ocrx_word' id='word_1_286' title='bbox 1198 2791 1259 2821; x_wconf 88' lang='lat' dir='ltr'><strong>&amp;c.</strong></span> <span class='ocrx_word' id='word_1_287' title='bbox 1282 2788 1307 2818; x_wconf 96' lang='lat' dir='ltr'>L</span> <span class='ocrx_word' id='word_1_288' title='bbox 1352 2787 1448 2818; x_wconf 88' lang='lat' dir='ltr'><strong>liberi</strong></span> <span class='ocrx_word' id='word_1_289' title='bbox 1464 2786 1536 2827; x_wconf 92' lang='lat' dir='ltr'><strong>LT)</strong></span> 
     </span>
    </p>
   </div>
   <div class='ocr_carea' id='block_1_9' title="bbox 260 2845 953 2937">
    <p class='ocr_par' dir='ltr' id='par_1_30' title="bbox 260 2845 953 2937">
     <span class='ocr_line' id='line_1_43' title="bbox 260 2845 821 2889; baseline -0.007 -9"><span class='ocrx_word' id='word_1_290' title='bbox 260 2860 324 2889; x_wconf 86' lang='lat'><strong>229</strong></span> <span class='ocrx_word' id='word_1_291' title='bbox 348 2858 536 2888; x_wconf 81' lang='lat' dir='ltr'><strong>numquam</strong></span> <span class='ocrx_word' id='word_1_292' title='bbox 554 2847 580 2877; x_wconf 96' lang='lat' dir='ltr'>L</span> <span class='ocrx_word' id='word_1_293' title='bbox 624 2856 772 2886; x_wconf 82' lang='lat' dir='ltr'><strong>vnquam</strong></span> <span class='ocrx_word' id='word_1_294' title='bbox 791 2845 821 2876; x_wconf 95' lang='lat' dir='ltr'>D</span> 
     </span>
     <span class='ocr_line' id='line_1_44' title="bbox 271 2902 953 2937; baseline -0.004 -12"><span class='ocrx_word' id='word_1_295' title='bbox 271 2902 364 2925; x_wconf 48' lang='grc' dir='ltr'><strong>*Η*</strong></span> <span class='ocrx_word' id='word_1_296' title='bbox 940 2911 953 2937; x_wconf 76' lang='lat'>1</span> 
     </span>
    </p>
   </div>
   <div class='ocr_carea' id='block_1_10' title="bbox 42 2585 44 3112">
    <p class='ocr_par' dir='ltr' id='par_1_31' title="bbox 42 2585 44 3112">
     <span class='ocr_line' id='line_1_45' title="bbox 42 2585 44 3112; baseline 0 0"><span class='ocrx_word' id='word_1_297' title='bbox 42 2585 44 3112; x_wconf 95' lang='lat' dir='ltr'><strong> </strong></span> 
     </span>
    </p>
   </div>
  </div>
 </body>
</html>
