2095 3173
406 242 481 280 172

870 230 1001 271 VOX
1043 230 1401 271 CLAMANTIS

513 336 583 373 Est
612 348 704 373 nam
735 335 918 374 mendaci
946 337 1030 373 laus
1059 335 1270 374 tribuenda
1298 334 1429 373 nichil.

514 401 746 439 Fraternalis
775 413 886 438 amor
915 400 1078 439 deberet
1108 408 1268 439 mutuus
1298 414 1398 448 esse,

514 467 622 504 Inter
651 479 718 504 eos
749 467 885 503 saltem
909 478 1009 515 quos
1039 464 1126 515 pius
1156 466 1255 504 ordo
1284 464 1388 515 ligat.
1815 481 1877 503 210

514 532 607 568 Non
638 539 770 569 tamen
800 531 877 569 hoc
906 530 1052 580 patitur
1080 530 1272 569 hodierna
1302 529 1399 578 dies,
1429 537 1488 568 set
1517 529 1557 568 in
1587 529 1684 569 iram

514 597 709 634 Prouocat
739 595 886 634 invidia
916 595 1106 645 quicquid
1136 595 1280 634 amoris
1310 602 1415 634 erat:

513 663 566 698 Vt
596 660 667 699 bos
697 660 938 711 campestris,
970 674 1122 699 rursum
1153 661 1220 711 qui
1250 661 1421 699 ruminat
1451 660 1607 709 herbas,

514 725 695 764 Detrahit
724 725 765 764 in
795 727 965 764 claustro
995 725 1050 764 sic
1080 726 1329 765 semidemon
1359 727 1494 765 homo.

513 791 553 830 Si
581 804 663 830 non
692 791 847 830 corrodi
876 791 949 839 vis,
976 798 1018 830 tu
1048 791 1228 830 corrodia
1256 793 1364 830 nulla

514 857 622 895 Inter
650 870 718 895 eos
748 870 895 905 sumas,
924 864 982 895 est
1010 857 1077 895 vbi
1106 870 1191 895 raro
1222 857 1345 896 fides:

514 923 622 960 Dum
652 930 719 961 tua
748 923 985 973 deposcunt,
1012 930 1107 960 tunc
1136 929 1175 960 te
1205 929 1427 960 reuerenter
1455 923 1636 971 adorant,

517 989 584 1026 Set
612 987 676 1026 vix
704 987 736 1026 si
766 1001 961 1026 memores
990 987 1160 1038 amplius
1190 1001 1276 1026 esse
1305 989 1454 1026 volunt.

514 1052 581 1091 Nil
610 1052 685 1092 sibi
714 1055 823 1103 quod
853 1054 1016 1092 dederat
1045 1054 1197 1092 confert
1225 1052 1414 1092 fundacio
1444 1052 1584 1104 prima,

513 1118 570 1157 Sit
600 1117 675 1157 nisi
704 1119 813 1169 quod
843 1125 1009 1169 querant
1038 1118 1239 1157 cotidiana
1267 1119 1384 1157 lucra.
1818 1132 1879 1155 220

514 1184 695 1234 Denegat
725 1185 801 1222 hoc
830 1183 946 1231 racio,
979 1185 1087 1234 quod
1117 1185 1241 1222 homo
1269 1197 1473 1234 possessor
1501 1191 1664 1234 vterque

515 1250 566 1287 Et
595 1249 802 1288 mendicus
832 1249 913 1297 erit,
945 1251 1044 1288 ordo
1073 1262 1147 1288 nec
1177 1249 1274 1287 illud
1304 1249 1449 1288 habet:

513 1315 632 1352 Nunc
662 1322 795 1353 tamen
825 1316 897 1353 hos
926 1328 1049 1353 vanos
1078 1316 1298 1353 monachos
1328 1314 1450 1353 nichil
1480 1314 1618 1365 implet
1646 1313 1687 1352 in
1716 1313 1821 1354 orbe.

514 1380 585 1417 Est
614 1379 758 1429 quibus
787 1393 864 1418 vna
892 1381 1015 1418 fames
1046 1393 1202 1430 semper
1230 1387 1269 1418 et
1298 1393 1375 1417 vna
1404 1379 1498 1417 sitis.

514 1445 608 1482 Hoc
637 1445 688 1483 de
718 1444 920 1483 Ieronimo
949 1444 1089 1494 legitur
1118 1444 1234 1482 simul
1264 1452 1302 1483 et
1333 1443 1563 1490 Benedicto,

513 1510 567 1546 Vt
596 1508 719 1559 magis
748 1509 937 1559 exemplis
967 1522 1301 1559 consequeremur
1330 1522 1398 1547 eos
1413 1523 1424 1557 ,·

513 1574 759 1613 Ornamenta
787 1574 847 1613 sui
877 1576 1054 1613 vendunt
1084 1574 1226 1621 altaris,
1259 1582 1297 1613 et
1326 1574 1391 1612 illa

514 1639 700 1690 Pauperis
730 1640 771 1678 in
800 1639 927 1678 licitos
958 1639 1192 1678 distribuere
1221 1639 1343 1678 cibos.

515 1705 692 1744 Ecclesie
721 1705 828 1743 bona
857 1713 947 1743 sunt
976 1704 1153 1755 inopum,
1186 1718 1263 1755 que
1292 1704 1481 1755 religiosis

513 1771 689 1819 Quando
718 1782 880 1808 necesse
909 1769 1045 1808 vident
1075 1782 1156 1807 non
1185 1768 1351 1808 retinere
1381 1769 1482 1808 licet.
1817 1784 1880 1816 230

568 1834 608 1873 Si
638 1835 837 1873 monacho
866 1835 959 1873 dare
989 1834 1057 1882 vis,
1091 1834 1165 1873 sibi
1194 1834 1371 1885 possidet
1400 1848 1520 1873 omne
1549 1835 1659 1884 quod
1687 1834 1813 1881 offers,

515 1900 582 1938 Nil
612 1908 670 1939 set
699 1901 820 1939 habet
848 1899 1062 1951 proprium,
1095 1899 1126 1938 si
1155 1900 1252 1950 quid
1281 1900 1332 1938 ab
1361 1900 1455 1939 inde
1484 1908 1605 1951 petas.

516 1965 587 2004 Hii
617 1974 708 2004 sunt
737 1965 954 2013 vnanimes,
986 1967 1063 2004 hoc
1093 1973 1151 2004 est
1185 1965 1320 2004 animo
1349 1967 1459 2016 quod
1489 1967 1632 2004 eodem

516 2030 697 2080 Quisque
727 2044 842 2069 suum
872 2030 1073 2081 proprium
1104 2032 1210 2069 solus
1240 2030 1385 2069 habere
1415 2030 1533 2081 cupit.

515 2095 580 2134 Sic
610 2108 862 2145 quecumque
891 2095 997 2146 prius
1027 2103 1138 2134 vetus
1168 2097 1266 2134 ordo
1296 2103 1440 2134 statuta
1468 2096 1635 2143 colebat,

515 2159 681 2198 Mutatis
710 2159 862 2198 vicibus
891 2159 1015 2197 inficit
1044 2160 1142 2197 ordo
1172 2173 1311 2198 nouus.

517 2226 717 2275 Ingenuos
747 2238 832 2263 raro
862 2224 1091 2263 monachari
1119 2224 1327 2272 cernimus,
1359 2224 1482 2263 immo

516 2289 667 2329 Ordine
697 2292 852 2337 rurales,
885 2297 975 2328 sunt
1005 2290 1127 2340 magis
1157 2304 1249 2340 ergo
1278 2292 1394 2329 rudes
1409 2305 1419 2339 ;

516 2357 629 2405 Quos
659 2363 792 2394 tamen
821 2355 861 2393 in
892 2362 1048 2394 sanctos
1079 2363 1237 2394 sanctus
1266 2363 1371 2394 creat
1399 2357 1498 2395 ordo
1527 2358 1735 2407 professos,

518 2420 589 2458 Hii
618 2420 710 2459 satis
740 2420 899 2472 ingenui
930 2428 1020 2459 sunt
1049 2428 1088 2459 et
1117 2422 1268 2459 honore
1296 2421 1434 2471 probi:
1815 2439 1878 2471 240

516 2484 627 2535 Quid
656 2485 786 2524 dicam
816 2493 874 2524 set
903 2485 969 2533 eis,
1001 2485 1142 2534 dignos
1172 2498 1271 2534 quos
1301 2487 1399 2524 ordo
1428 2499 1503 2524 nec
1532 2494 1639 2525 ortus

517 2549 753 2600 Approbat?
791 2549 914 2589 immo
944 2563 1059 2588 suum
1089 2557 1244 2600 tempus
1273 2549 1390 2588 inane
1419 2552 1558 2590 ferunt.

516 2614 557 2653 Si
588 2614 827 2654 Benedictus
857 2628 925 2654 eos
954 2614 1135 2654 fundauit
1164 2614 1232 2664 qui
1261 2615 1461 2654 maledicti

516 2680 627 2726 Sunt,
658 2680 757 2718 deus
785 2693 809 2718 a
837 2687 945 2730 parte
974 2693 1056 2718 non
1085 2679 1284 2718 benedicit
1314 2679 1393 2718 eis:

516 2745 630 2794 Quos
659 2744 782 2795 magis
811 2745 965 2783 attraxit
995 2746 1167 2784 mundus
1197 2758 1316 2795 quam
1347 2745 1508 2794 Cristus‚
1540 2753 1666 2786 aratro

519 2811 569 2848 Et
598 2816 700 2849 retro
728 2809 952 2861 respiciunt,
983 2812 1056 2850 hos
1086 2823 1174 2849 mea
1202 2809 1345 2861 scripta
1373 2818 1522 2851 notant.

1019 2887 1084 2918 216
1107 2896 1182 2918 rara
1200 2885 1259 2918 CE
