2095 3173
453 233 528 271 116
916 229 1046 271 VOX
1088 227 1446 271 CLAMANTIS

556 337 763 376 Perdimus
793 343 831 375 et
861 337 979 376 Cristi
1009 335 1118 386 quod
1149 336 1237 374 tulit
1267 337 1350 385 ipse
1379 335 1486 382 lucri}¹

559 404 638 442 ‘Sit
668 403 788 441 michi
817 402 1016 449 vindicta,'
1046 402 1144 440 deus
1174 402 1313 451 inquit,
1346 408 1405 439 set
1434 401 1526 451 quia
1555 413 1657 452 papa

558 470 630 508 Est
659 469 757 508 deus
787 468 828 505 in
858 468 979 515 terris,
1011 467 1186 506 vindicat
1215 467 1300 517 ipse
1329 467 1447 517 prius.

495 609 572 644 Hic
593 610 777 653 loquitur
807 609 984 653 qualiter
1015 608 1181 643 Cristus
1207 618 1351 653 pacem
1375 607 1464 643 suis
1490 607 1708 652 discipulis
1734 607 1848 642 dedit
1878 609 1922 643 et

447 669 637 712 reliquit:
664 668 764 703 dicit
786 670 929 702 tamen
956 667 1067 711 quod
1088 667 1211 702 modo
1235 669 1407 711 propter
1423 669 1538 702 bona
1554 669 1724 702 terrena
1745 676 1919 710 guerras

449 727 599 762 saltem
615 728 763 761 contra
781 725 1022 761 Cristianos
1039 726 1188 771 prelati
1202 726 1365 770 legibus
1379 726 1468 760 suis
1482 725 1677 771 positiuis
1693 725 1921 761 instituunt

450 788 490 821 et
506 786 796 830 prosequatur.

329 869 457 916 Cap¹¹¹.
481 867 528 905 vi.
614 868 721 905 Ante
751 879 820 905 sue
850 867 986 905 mortis
1016 872 1173 916 tempus
1203 867 1315 905 dedit
1345 873 1465 917 atque
1494 867 1651 917 reliquit

560 934 706 971 Pacem
735 932 938 982 discipulis
969 932 1121 972 Cristus
1151 932 1296 970 habere
1326 933 1431 980 suis;
1856 946 1923 979 330

560 998 613 1036 Et
643 998 735 1047 quia
764 1004 860 1036 tunc
889 998 1016 1036 solum
1047 997 1262 1047 cupiebant
1292 998 1347 1035 nil
1376 998 1451 1036 nisi
1481 998 1667 1045 Cristum,

561 1064 610 1102 In
641 1063 758 1103 Cristi
788 1076 885 1113 pace
914 1069 1058 1101 cuncta
1086 1064 1210 1101 tulere
1239 1063 1313 1112 pie.

535 1129 627 1177 vSet
657 1129 749 1179 quia
778 1141 886 1166 nunc
915 1129 1111 1167 mundum
1141 1129 1308 1178 cupiunt
1336 1127 1617 1166 tantummodo
1646 1139 1810 1175 vanum,

563 1195 654 1243 Que
683 1194 756 1232 sibi
787 1200 879 1232 sunt
907 1194 1082 1232 mundus
1110 1193 1214 1232 bella
1243 1194 1438 1232 ministrat
1467 1194 1523 1232 eis
1538 1207 1548 1241 ;

561 1260 614 1298 Et
643 1260 735 1309 quia
764 1259 990 1309 belligeram
1020 1259 1129 1298 ducit
1157 1260 1283 1298 clerus
1312 1261 1435 1298 modo
1464 1260 1596 1306 vitam,

561 1327 713 1363 Auctor
742 1338 809 1364 eos
839 1325 947 1374 pacis
976 1338 1058 1363 non
1089 1326 1198 1363 iuuat
1227 1326 1311 1374 ipse
1340 1325 1450 1364 deus

562 1392 724 1429 Dixerat
752 1391 804 1429 ad
834 1392 994 1429 Petrum
1025 1390 1188 1438 Cristus,
1224 1391 1503 1440 ‘Quicumque
1531 1392 1703 1429 virorum

562 1456 735 1495 Percutit
765 1456 804 1493 in
834 1456 978 1506 gladio,
1010 1456 1090 1494 fine
1118 1456 1261 1506 peribit
1290 1457 1384 1495 eo':

562 1522 650 1560 Nec
674 1523 816 1571 poterit
846 1522 925 1559 falli
955 1522 1079 1560 fateor
1108 1522 1311 1560 sentencia
1341 1522 1471 1569 Cristi,

563 1587 758 1636 Quamuis
789 1588 837 1625 sit
866 1587 958 1626 cleri
988 1588 1164 1625 mortifer
1193 1588 1296 1626 ensis
1326 1587 1392 1625 ibi.
1859 1603 1925 1635 340

562 1653 799 1691 Percuciunt
829 1665 946 1700 ense3
990 1653 1020 1690 si
1051 1652 1219 1702 quisque
1248 1653 1469 1701 repercutit,
1502 1652 1597 1691 inde

564 1719 768 1767 Dampnat
797 1730 888 1756 eum
918 1717 1006 1756 libri
1035 1718 1098 1755 lex
1126 1718 1297 1767 positiua
1327 1718 1433 1756 noui.

564 1783 746 1822 Predicat
775 1796 824 1822 en
855 1785 1004 1830 Petrus,
1038 1789 1095 1821 set
1124 1788 1273 1832 pugnat
1302 1795 1404 1832 papa
1434 1782 1659 1830 modernus,

563 1850 646 1887 Hic
675 1849 838 1896 animas,
869 1849 968 1887 alius
997 1848 1124 1898 querit
1153 1861 1293 1886 auarus
1324 1860 1444 1897 opes:

564 1915 647 1952 Hic
676 1914 748 1952 fuit
777 1914 932 1952 occisus
961 1926 1032 1963 pro
1062 1914 1146 1952 iure
1175 1914 1251 1960 dei,
1282 1920 1418 1952 tamen
1447 1913 1543 1952 alter

564 1979 734 2026 Occidit,
767 1992 898 2029 neque
927 1979 986 2017 ius
1016 1980 1071 2017 sic
1101 1979 1220 2017 habet
1249 1980 1333 2028 ipse
1362 1979 1484 2017 deus:

564 2045 823 2094 Simplicitate
852 2045 973 2083 fidem
1004 2058 1085 2082 non
1114 2044 1262 2082 viribus
1289 2045 1431 2083 excitat
1460 2057 1572 2091 vnus,

564 2110 675 2147 Alter
704 2116 742 2147 et
771 2110 811 2146 in
840 2110 998 2159 pompis
1028 2117 1218 2159 prouocat
1246 2123 1354 2147 arma
1384 2110 1518 2158 magis.

617 2175 714 2212 Vult
745 2176 854 2213 Deus
883 2182 923 2213 vt
952 2187 1033 2212 non
1063 2175 1112 2212 sit
1140 2175 1345 2212 temeraria
1375 2183 1507 2212 nostra
1536 2175 1705 2224 querela,

566 2240 633 2278 Set
662 2240 765 2277 mala
794 2251 873 2289 que
901 2240 1072 2288 patimur
1100 2240 1273 2277 vindicet
1303 2240 1367 2277 illa
1397 2240 1519 2278 deus:
1861 2255 1926 2288 350

565 2305 745 2343 Hostiles
774 2305 878 2343 acies
908 2305 1147 2354 inimicaque
1176 2305 1371 2342 vinximus
1402 2317 1480 2351 ora,

565 2367 668 2406 Cum
699 2367 844 2405 vindex
872 2374 1024 2405 nostras
1054 2367 1203 2405 nesciat
1232 2367 1286 2404 ira
1316 2367 1407 2405 vias.

566 2433 759 2470 Mollibus
789 2433 829 2470 in
859 2432 976 2471 rebus
1006 2445 1087 2470 non
1118 2445 1159 2470 se
1189 2432 1329 2481 probat
1359 2432 1469 2470 accio
1500 2433 1628 2480 Cristi,

565 2499 765 2547 Tempore
794 2504 852 2536 set
882 2498 981 2536 duro
1011 2510 1052 2536 se
1081 2497 1221 2547 probat
1249 2498 1326 2535 alta
1357 2498 1479 2536 fides:

568 2563 715 2601 Militat
744 2563 784 2600 in
799 2563 946 2610 ,Cristo
975 2563 1039 2612 pia
1069 2576 1147 2612 que
1176 2563 1370 2612 pacientia
1400 2563 1497 2601 tristi

566 2628 777 2666 Materiam
806 2641 896 2667 vere
925 2634 1102 2678 tempore
1132 2628 1259 2665 laudis
1289 2626 1419 2666 habet.

567 2693 719 2732 Cristus
749 2701 830 2732 erat
859 2694 1029 2743 paciens,
1061 2693 1204 2743 probra
1233 2693 1328 2731 dum
1359 2694 1446 2731 tulit
1475 2694 1621 2741 onmia,
1653 2700 1711 2733 set
1740 2706 1812 2733 nos

569 2759 631 2796 De
661 2759 763 2796 facto
793 2760 958 2797 minimo
988 2765 1215 2797 commouet
1246 2759 1299 2796 ira
1329 2759 1462 2796 modo.

699 2836 859 2878 Headz‘ng
901 2848 920 2867 2
937 2836 1064 2869 dicitur
1076 2841 1189 2868 tamen
1207 2847 1298 2867 nunc
1317 2837 1346 2866 D
1394 2837 1521 2868 dicitnr
1535 2841 1647 2868 tamen
1668 2837 1693 2869 L

715 2897 776 2928 351
802 2890 972 2921 vinximus
990 2889 1079 2921 SDL
1125 2889 1290 2920 vincimus
1302 2889 1430 2921 CEHG
