2095 3173
688 214 874 255 LIBER
917 214 1158 255 PRIMUS

301 319 459 358 Excidit
488 332 607 358 omne
636 320 758 359 decus
788 321 908 358 michi
938 321 1046 368 tristi,
1080 321 1186 359 nulla
1215 321 1354 360 tuebar

300 385 420 432 Rura,
453 399 526 424 nec
555 386 595 423 in
625 386 758 435 precio
787 387 922 425 fertilis
952 393 1060 425 ortus
1089 393 1180 425 erat.

354 451 474 488 Mens
502 452 637 501 agitur,
669 463 747 501 que
776 452 843 490 diu
873 458 1022 501 pugnat
1051 452 1252 491 sentencia
1281 465 1450 500 mecum,

300 515 401 563 Quis
431 517 541 554 locus
569 517 621 555 ad
649 518 769 554 vitam
799 517 871 555 fert
900 518 1059 566 pociora
1089 530 1243 566 meam3

298 580 456 630 Vixque
484 581 604 618 michi
633 582 800 620 credens
830 583 915 620 solo
945 583 1057 632 quasi
1087 590 1179 621 vota
1208 590 1414 622 momento

299 646 491 684 Millesies
521 646 673 684 varians
703 647 824 685 eorde
853 654 1019 697 vagante
1048 648 1130 686 tuli.

299 710 339 748 Si
368 710 455 748 loca
484 717 567 748 tuta
596 711 733 758 forent,
766 712 853 750 loca
882 718 966 750 tuta
995 712 1165 751 libenter
1193 713 1378 761 adissem,

297 776 363 814 Set
393 788 474 825 quo
503 788 584 814 non
613 777 723 826 potui
753 789 927 827 corpore,
960 785 1094 816 mente
1122 779 1246 826 feror3

298 840 484 890 Cumque
513 842 678 879 domum
707 843 814 880 volui
844 843 1087 893 quandoque
1116 843 1242 882 redire
1271 843 1424 891 diebus,

297 906 351 944 Vt
379 918 444 943 me
474 907 686 955 prepediant,
719 915 887 957 occupat
917 908 1040 946 hostis
1071 909 1152 946 iter.

296 971 336 1010 Si
364 984 591 1022 progressus
620 986 737 1021 eram,
766 986 926 1022 caperer
953 986 1004 1012 ne
1033 980 1152 1012 nocte
1180 973 1368 1012 timebam
1384 988 1394 1022 3

296 1036 361 1074 Sic
390 1037 510 1075 michi
539 1039 590 1076 de
619 1039 729 1076 nullo
758 1045 936 1088 tempore
964 1046 1121 1087 tempus
1150 1045 1254 1077 erat:

297 1103 439 1140 Hostis
467 1103 579 1142 adest
607 1104 753 1151 dextra,
785 1104 905 1153 surgit
933 1103 985 1141 de
1013 1110 1203 1152 parteque
1232 1104 1331 1150 lena,

295 1167 520 1218 Vicinoque
550 1175 657 1206 metu
687 1174 804 1206 terret
833 1175 1042 1217 Vtrumque
1070 1168 1183 1206 latus.

297 1233 376 1280 Ha,
407 1233 598 1282 quociens
627 1234 736 1272 furiis
765 1233 854 1271 visis
884 1234 996 1280 cessi,
1027 1246 1105 1282 que
1134 1233 1208 1271 sub
1238 1233 1385 1272 vmbris

294 1297 412 1335 Auris
440 1298 492 1336 ad
521 1305 694 1337 extrema
722 1310 879 1348 semper
907 1306 1041 1347 aperta
1070 1298 1167 1336 fuit!

296 1363 376 1410 Ha,
407 1363 598 1413 quociens
627 1364 735 1402 siluis
764 1364 858 1402 latui
888 1365 950 1402 vix
979 1377 1097 1402 ausus
1128 1365 1167 1401 in
1197 1364 1329 1411 antris,

295 1430 520 1478 Desperans
550 1441 638 1468 sero
667 1430 763 1480 quid
792 1430 913 1467 michi
943 1442 1060 1468 mane
1089 1429 1223 1468 daret!

295 1495 373 1541 Ha,
406 1495 597 1543 quociens
626 1502 803 1534 mentem
833 1508 957 1546 pauor
985 1495 1126 1533 incutit
1155 1495 1229 1533 hec
1259 1494 1379 1533 michi
1409 1495 1557 1543 dicens,

296 1559 428 1607 ‘Quid
457 1559 586 1609 fugis?
630 1561 695 1598 hic
724 1573 847 1610 paruo
877 1567 1056 1610 ternpore
1085 1560 1198 1598 viuus
1228 1560 1349 1599 eris!'

294 1625 373 1672 Ha,
406 1627 597 1674 quociens
626 1626 752 1665 fuerat
780 1639 870 1665 mea
898 1638 1012 1664 mens
1041 1625 1164 1664 oblita
1193 1626 1290 1676 quid
1320 1637 1459 1674 essem,

293 1690 402 1728 Dum
432 1697 555 1728 status
584 1692 756 1729 anterior
783 1692 1000 1741 posteriora
1029 1693 1164 1729 tenet!

293 1755 433 1804 Sepius
462 1756 584 1805 inque
612 1757 677 1795 die
706 1757 802 1795 dum
833 1757 891 1795 sol
921 1756 1158 1794 clarissimus
1188 1763 1300 1803 esset,

298 1819 389 1857 Nox
419 1821 544 1859 oculis
573 1821 728 1871 pauidis
756 1822 864 1859 venit
892 1821 1030 1859 aborta
1060 1822 1173 1859 meis.

349 1885 539 1934 Sompnia
568 1898 633 1924 me
661 1892 806 1924 terrent
836 1898 948 1924 veros
977 1886 1179 1923 imitancia
1209 1898 1334 1933 casus,

293 1950 345 1988 Et
374 1950 534 1999 vigilant
563 1963 702 1989 sensus
732 1951 772 1988 in
801 1963 890 1989 mea
919 1951 1094 2000 dampna
1123 1951 1226 1989 mei:

291 2016 355 2054 Sic
385 2029 473 2054 mea
494 2017 750 2065 ,sompniferis
780 2016 989 2066 liquefiunt
1019 2022 1181 2065 pectora
1211 2016 1326 2062 curis,

292 2081 457 2131 Ignibus
485 2082 674 2131 appositis
704 2087 744 2119 vt
773 2094 879 2119 noua
907 2093 996 2119 cera
1025 2081 1150 2120 solet:

290 2148 372 2185 Aut
401 2147 476 2184 nisi
505 2147 684 2185 restituar
712 2146 884 2185 melioris
913 2146 1096 2196 ymagine
1125 2147 1298 2196 sompni,

292 2212 455 2261 Aspicio
485 2212 607 2262 patrie
635 2218 740 2250 tecta
768 2212 902 2250 relicta
932 2223 1032 2249 mee.

290 2277 480 2316 Concaua
509 2277 619 2315 vallis
647 2276 714 2315 vbi
743 2277 868 2315 fuerat
898 2289 1118 2323 nemorosa,
1151 2288 1220 2326 per
1249 2275 1406 2315 vmbras

289 2343 343 2380 Vt
371 2342 483 2391 lepus
513 2342 694 2391 obliquas
723 2354 818 2391 sepe
845 2342 971 2380 viator
999 2354 1130 2380 eram:

290 2408 416 2445 Purus
444 2406 495 2445 ab
523 2407 729 2446 arboribus
759 2407 984 2457 spectabilis
1013 2408 1187 2456 vndique
1216 2419 1380 2456 campus

290 2473 407 2510 Tunc
436 2472 555 2510 michi
584 2485 656 2521 pro
685 2473 795 2511 nullo
824 2479 1007 2522 tempore
1036 2473 1139 2510 fidus
1169 2479 1249 2510 erat
1263 2486 1274 2520 3

290 2537 397 2576 Silua
425 2544 537 2575 vetus
566 2537 691 2576 densa
720 2538 828 2575 nulla
856 2538 1000 2576 violata
1030 2537 1156 2575 securi

291 2603 354 2640 Fit
383 2603 506 2652 magis
535 2603 710 2641 ecclesiis
738 2610 835 2641 tunc
864 2602 985 2640 michi
1015 2609 1100 2640 tuta
1129 2601 1287 2640 domus.

289 2669 406 2705 Tunc
435 2666 546 2705 labor
575 2668 754 2706 insolitus
784 2667 840 2706 sic
869 2680 933 2706 me
962 2668 1133 2713 lassauit,
1164 2673 1204 2704 vt
1233 2679 1345 2716 egros

288 2732 366 2769 Vix
395 2744 532 2781 passus
560 2733 671 2781 potui
701 2733 801 2771 ferre
829 2733 891 2771 vel
920 2732 985 2769 hic
1013 2732 1075 2769 vel
1105 2731 1185 2770 ibi:

291 2797 355 2836 Sic
383 2796 572 2846 fugiendo
600 2797 742 2836 domos
771 2797 947 2847 proprias
976 2809 1089 2834 mens
1118 2796 1266 2835 horruit
1295 2802 1405 2834 antra
1420 2810 1431 2844 3

773 2881 858 2910 1420
881 2871 953 2912 hic]
971 2881 1013 2902 en
1032 2871 1062 2901 D

1607 220 1658 258 61

1577 925 1659 958 1410

1571 1576 1655 1609 1420

1570 2227 1653 2259 1430
