2121 3173
462 234 544 285 338

175 469 329 508 Qualiter
342 470 544 510 parliamen-

131 518 200 544 tum
210 513 428 545 continuatur
438 526 544 555 vsque

131 562 209 596 post
225 558 493 591 coronacionem.

173 1002 329 1040 Qualiter
347 1004 380 1033 in
404 1003 458 1034 die
478 1003 544 1035 sol-

130 1046 257 1086 lempni
276 1047 397 1078 nobilis
419 1047 545 1078 Henri-

130 1100 189 1120 cus
221 1091 254 1120 in
292 1090 422 1122 Solium
449 1092 543 1131 regie

129 1134 316 1165 maiestatis
343 1134 543 1166 sublimatus

129 1188 203 1208 cum
226 1178 318 1209 omni
341 1179 463 1218 gaudio
488 1189 543 1210 co-

129 1227 282 1253 sonatur.

174 1316 274 1356 Nota,
301 1316 446 1356 qualiter
471 1317 543 1348 iura

130 1370 258 1390 corone
321 1361 542 1392 serenissimo

128 1404 193 1433 iarn
211 1404 284 1443 regi
307 1410 423 1435 nostro
447 1404 541 1435 Hen-

128 1449 196 1478 rico
214 1452 334 1486 quarto
351 1448 457 1480 tribus
474 1459 544 1479 mo-

129 1491 181 1522 dis
198 1496 396 1522 accrescunt
412 1503 418 1524 :

129 1534 243 1565 Primo
262 1535 490 1567 Successione
505 1548 511 1568 :

128 1578 290 1610 Secundo
305 1578 479 1610 eleccione
494 1591 501 1610 ε

126 1622 250 1653 Tercio
267 1628 455 1662 conquestu
472 1623 547 1655 sine

129 1665 305 1705 sanguinis
322 1666 499 1699 effusione.

175 2446 330 2485 Qualiter
342 2445 543 2486 parliamen-

131 2495 200 2520 tum
220 2490 331 2521 adhuc
353 2489 414 2521 fuit
436 2490 542 2521 conti-

129 2539 280 2565 nuatum.

604 2863 669 2892 309
694 2854 827 2893 margin
844 2853 1075 2884 continuatum
1095 2852 1156 2883 suit
1172 2850 1235 2882 CH
1283 2851 1344 2882 suit
1358 2850 1589 2882 continuatum
1607 2849 1657 2881 Hs

560 2905 756 2945 magestatis
771 2905 835 2937 CH
841 2905 890 2936 Hs

942 237 1223 279 CRONICA
1267 238 1653 279 TRIPERTITA

675 342 830 380 Interea
857 349 994 391 gentes
1024 342 1163 380 viuunt
1192 342 1266 380 sub
1295 355 1365 393 spe
1393 344 1624 391 recolentes,

673 408 793 455 Quod
817 420 946 444 nouus
975 420 1124 445 errores
1153 421 1218 446 rex
1247 415 1424 447 conteret
1452 408 1677 448 anteriores.

725 472 841 510 Sexta
869 470 953 510 dies
983 472 1112 510 stabat
1141 472 1338 520 Octobris,
1369 475 1531 524 quando
1560 474 1723 524 parabat

673 537 759 575 Rex
788 549 917 575 nouus
946 544 1082 587 optata
1109 551 1179 576 sua
1208 538 1466 588 parliamenta
1494 547 1664 578 nouata:

672 601 793 641 Curia
821 602 988 641 verbalis
1018 602 1091 641 fuit
1120 610 1159 641 et
1183 617 1265 642 non
1294 603 1499 652 iudicialis,
1970 623 2033 654 310

670 669 736 706 Ad
765 675 922 718 tempus
951 676 1070 707 restat
1098 668 1219 708 nichil
1249 677 1287 708 et
1316 670 1368 709 de
1396 671 1573 721 pondere
1601 678 1771 721 prestat:

672 732 826 771 Dicitur
854 735 1054 785 expletum
1083 736 1192 785 quod
1222 734 1277 773 nil
1305 737 1407 774 valet
1436 749 1522 774 esse
1542 735 1733 786 quietum,

672 800 812 838 Donec
842 813 1010 850 persona
1038 800 1139 851 regis
1168 800 1217 839 sit
1246 808 1383 851 operta
1411 814 1559 840 corona
1575 816 1586 850 3

670 864 814 914 Sicque
842 864 1032 912 coronari,
1064 879 1184 915 quem
1215 866 1366 906 Cristus
1395 868 1478 904 vult
1506 866 1693 914 venerari,

670 929 853 969 Corditer
881 932 1028 969 exultat
1056 931 1169 981 plebs
1199 930 1329 970 omnis
1358 939 1396 970 et
1425 931 1520 970 inde
1547 933 1718 970 resultat.

726 995 806 1045 Qui
835 1009 895 1034 res
925 995 1101 1046 disponit
1130 1004 1168 1035 et
1197 996 1348 1036 eisdem
1378 1004 1558 1047 tempora
1587 996 1711 1048 ponit,

672 1061 744 1100 Ille
773 1060 880 1100 diem
910 1061 1002 1109 fixit,
1036 1061 1258 1100 Henricum
1288 1075 1369 1112 quo
1399 1061 1626 1101 benedixit:

670 1126 960 1165 Predestinauit
988 1128 1086 1166 deus
1116 1127 1226 1166 illum
1256 1141 1376 1178 quem
1405 1127 1589 1175 titulauit,

670 1194 724 1230 Vt
752 1206 818 1231 rex
846 1200 1024 1243 regnaret
1053 1207 1124 1232 sua
1151 1207 1350 1243 regnaque
1378 1193 1616 1232 iustificaret.

671 1259 804 1306 Quem
832 1259 931 1297 deus
961 1258 1089 1309 elegit,
1120 1258 1237 1309 regali
1267 1260 1384 1298 laude
1412 1258 1577 1309 peregit,
1969 1275 2033 1304 320

670 1324 788 1362 Vnde
817 1331 1028 1363 coronatur
1056 1324 1097 1362 in
1127 1326 1359 1374 honoreque
1388 1323 1685 1375 magnificatur:

670 1390 869 1440 Tempore
896 1389 1001 1428 felici
1028 1398 1214 1440 poterunt
1242 1389 1478 1440 sollempnia
1496 1389 1587 1437 diei,

672 1456 762 1503 Que
790 1462 871 1493 tam
901 1455 1060 1494 sacratis
1089 1455 1194 1494 horis
1223 1463 1384 1506 patuere
1413 1454 1568 1504 beatis3

674 1520 857 1559 Edwardi
885 1522 984 1559 festa
1014 1520 1262 1561 Confessoris
1291 1521 1500 1559 manifesta

675 1585 842 1625 Henrici
870 1587 1013 1625 festum
1044 1586 1164 1636 Regis
1194 1593 1386 1624 testantur
1413 1587 1638 1625 honestum.

674 1652 791 1690 Plebs
820 1651 926 1690 canit
954 1651 995 1689 in
1024 1659 1157 1691 mente
1185 1665 1264 1701 que
1292 1652 1452 1690 resultat
1480 1650 1521 1689 in
1550 1664 1617 1689 ore
1645 1652 1845 1701 loquente,

671 1718 852 1768 Quisque
880 1718 975 1757 colit
1004 1717 1217 1764 Christum,
1250 1717 1343 1768 quia
1370 1730 1501 1767 regem
1532 1716 1694 1756 suscitat
1725 1716 1870 1764 istum;

668 1783 744 1821 Vix
774 1785 896 1822 homo
925 1796 1090 1834 pensare
1118 1782 1262 1834 poterit
1292 1796 1361 1821 seu
1390 1782 1650 1829 dinumerare,

670 1851 760 1898 Que
788 1857 884 1887 tunc
912 1850 1104 1887 fulserunt
1133 1847 1368 1899 sollempnia
1396 1855 1545 1898 quanta
1573 1849 1756 1887 fuerunt:

671 1915 813 1954 Omnis
841 1922 942 1954 terra
970 1916 1091 1954 deum
1121 1915 1256 1953 laudat
1284 1927 1362 1964 que
1391 1913 1497 1952 canit
1525 1913 1727 1960 iubileum,
1967 1929 2030 1962 330

670 1980 893 2020 Henricum
921 1980 1069 2019 iustum
1098 1993 1176 2030 que
1205 1980 1315 2030 pium
1344 1993 1422 2030 que
1451 1980 1577 2018 ferum
1607 1992 1685 2029 que
1713 1978 1932 2018 robustum.

668 2048 787 2086 Vnde
815 2053 1026 2086 coronatur
1054 2045 1157 2084 trino
1186 2046 1237 2084 de
1266 2045 1348 2083 iure
1378 2045 1577 2095 probatur,

669 2113 854 2162 Regnum
883 2118 1128 2161 conquestat‚
1161 2124 1239 2161 que
1267 2124 1336 2161 per
1352 2111 1441 2149 ”hoc
1471 2109 1545 2148 sibi
1575 2109 1635 2148 ius
1665 2109 1888 2148 manifestat
1905 2125 1915 2157 ,-

670 2178 811 2227 Regno
840 2176 1018 2215 succedit
1045 2177 1169 2223 heres,
1201 2189 1275 2214 nee
1303 2176 1354 2214 ab
1383 2175 1477 2214 inde
1505 2174 1653 2213 recedit
1668 2188 1680 2223 ;

671 2244 839 2292 Insuper
867 2241 1020 2291 eligitur
1047 2254 1070 2279 a
1098 2241 1215 2291 plebe
1244 2254 1322 2291 que
1350 2240 1406 2279 sic
1435 2239 1652 2278 stabilitur:

670 2309 725 2346 Vt
754 2307 802 2346 sit
831 2313 1095 2357 compactum,
1127 2305 1219 2344 iuris
1249 2305 1303 2344 nil
1333 2304 1458 2344 defuit
1486 2312 1647 2352 actum;

671 2373 831 2424 Singula
859 2373 1101 2422 respondent
1130 2370 1297 2410 Henrici
1325 2370 1488 2420 iuraque
1518 2371 1728 2421 spondent.

726 2441 847 2477 Fama
875 2439 1013 2476 volans
1041 2436 1174 2483 creuit,
1207 2450 1285 2486 que
1313 2436 1471 2475 climata
1499 2444 1643 2474 cuncta
1672 2435 1848 2486 repleuit,

670 2506 764 2554 Quo
792 2505 876 2542 laus
905 2502 1034 2542 vexilli
1063 2515 1180 2553 super
1208 2514 1347 2540 omnes
1376 2500 1521 2551 prefuit
1550 2500 1631 2539 illi:

669 2569 732 2608 Sic
761 2576 896 2620 regnat
924 2581 1091 2619 magnus
1119 2566 1294 2618 reprobis
1322 2568 1396 2614 leo,
1428 2566 1589 2605 mitibus
1617 2579 1754 2617 agnus,
1965 2581 2028 2615 340

669 2637 820 2674 Hostes
850 2633 1034 2684 antiquos
1063 2632 1131 2683 qui
1159 2639 1276 2671 terret
1304 2639 1343 2671 et
1371 2631 1479 2682 augit
1507 2631 1668 2670 amicos.

668 2702 783 2739 Luna
811 2700 917 2739 diem
948 2701 1081 2746 donat,
1113 2712 1192 2749 qua
1221 2700 1373 2748 Regem
1402 2705 1502 2736 terra
1530 2703 1705 2744 coronat,

670 2767 858 2816 Marsque
887 2778 1057 2815 sequens
1086 2771 1186 2803 terre
1215 2764 1283 2802 dat
1312 2762 1570 2813 parliamenta
1598 2763 1764 2802 referre:

1803 2860 1823 2891 3
1830 2859 1841 2881 ι
1847 2850 1868 2882 8
1892 2851 2024 2892 margin

1023 2914 1089 2945 323
1111 2908 1263 2936 sacratus
1280 2903 1307 2935 C
1443 2914 1509 2944 340
1531 2907 1677 2943 regnant
1693 2902 1720 2934 C
