2095 3173
487 215 565 253 180
809 253 815 257 ,
954 214 1083 255 VOX
1126 215 1486 257 CLAMANTIS

530 356 609 393 Hic
632 360 792 394 tractat
815 359 936 402 quasi
960 360 1036 393 sub
1061 359 1307 403 compendio
1331 369 1456 403 super
1477 359 1560 395 hiis
1578 370 1656 404 que
1673 360 1718 395 in
1736 362 1957 406 religionis

484 417 745 460 professione
763 418 988 453 secundum
1005 418 1273 453 fundatorum
1291 419 1541 454 sancciones
1566 419 1805 456 districcius
1822 422 1960 457 obser-

484 476 626 511 uanda
643 476 826 512 finaliter
845 477 1046 512 existunt.

348 558 476 605 ('ap¹¹¹.
501 557 562 595 xii.
650 558 743 595 Hoc
774 556 841 607 qui
872 559 1018 607 dogma
1046 565 1159 596 vetus
1190 566 1418 597 sanctorum
1450 558 1599 597 claudit
1629 559 1669 596 in
1699 567 1812 599 antro

594 622 752 670 Cordis,
781 630 819 661 et
848 622 1018 662 intendit
1048 623 1198 662 ordinis
1229 631 1318 662 acta
1347 623 1470 674 prius,

593 688 674 727 Scit
704 689 808 727 bene
837 690 948 738 quod
979 690 1152 727 mundus
1183 696 1241 727 est
1270 688 1311 726 in
1341 691 1512 728 claustro
1542 690 1765 740 fugiendus,

594 755 688 803 Quo
717 761 851 793 tamen
880 755 932 792 ad
962 768 1123 804 presens
1153 754 1338 793 vendicat
1367 755 1450 805 ipse
1480 757 1624 794 locum.

594 820 630 858 O
661 819 766 858 bone
796 819 1027 867 claustralis,
1054 820 1251 858 mundum
1282 820 1350 870 qui
1379 820 1539 870 linquis,
1567 821 1698 860 eidem

593 885 687 922 Non
717 885 854 923 redeas
884 884 1041 933 iterum,
1070 898 1147 935 que
1177 886 1295 923 docet
1324 884 1448 923 immo
1478 887 1595 936 fuge:

593 951 686 999 Quo
715 963 806 989 caro
836 949 1018 998 nutritur,
1046 964 1096 988 ne
1126 963 1265 1000 queras
1296 952 1415 989 molle
1445 950 1586 999 cubile,

593 1015 650 1053 Sit
680 1017 892 1054 claustrum
923 1017 1062 1063 cultus,
1095 1024 1132 1054 et
1162 1015 1260 1054 liber
1289 1015 1352 1054 ille
1382 1015 1504 1054 iocus.

593 1082 674 1120 Cor
702 1082 846 1128 doleat,
879 1081 927 1119 sit
956 1083 1061 1132 larga
1091 1095 1246 1129 manus,
1274 1081 1419 1119 ieiunia
1448 1081 1596 1129 crebra,

594 1147 688 1185 Non
719 1146 892 1185 incastus
922 1160 1034 1184 amor
1063 1146 1112 1184 sit
1142 1160 1273 1196 neque
1302 1160 1426 1184 vanus
1457 1148 1609 1185 honor:
1896 1163 1962 1196 500

593 1211 650 1250 Sit
680 1212 751 1250 tibi
781 1220 898 1263 potus
928 1226 1041 1262 aqua,
1074 1212 1185 1250 cibus
1215 1211 1358 1259 aridus,
1391 1225 1528 1262 aspera
1557 1211 1688 1259 vestis,

595 1279 726 1316 Dorso
755 1278 875 1328 virga,
904 1278 1034 1316 breuis
1065 1291 1272 1328 sompnus,
1299 1285 1415 1316 acuta
1444 1277 1580 1328 quies:

594 1345 728 1382 Flecte
754 1358 869 1394 genu,
901 1345 1026 1383 tunde
1056 1352 1205 1394 pectus,
1237 1345 1369 1382 nudus
1399 1351 1517 1394 caput
1548 1356 1629 1391 ora,

595 1411 728 1458 Quere
760 1411 891 1455 deum,
925 1411 1121 1448 mundum
1151 1423 1302 1459 sperne,
1335 1409 1512 1459 relinque
1542 1410 1718 1448 malum:

595 1476 746 1513 Hereat
776 1488 819 1513 os
850 1482 961 1522 terre,
993 1488 1105 1513 mens
1136 1477 1233 1522 celo,
1265 1474 1398 1525 lingua
1426 1476 1610 1524 loquatur

594 1541 657 1578 De
686 1542 806 1590 plano
836 1542 971 1588 corde,
998 1542 1196 1590 planaque
1225 1540 1344 1578 verba
1374 1548 1498 1578 sonet.

593 1605 705 1644 Litus
735 1613 817 1644 arat
847 1606 976 1644 sterile
1006 1607 1154 1644 deuoto
1184 1605 1252 1655 qui
1282 1605 1366 1643 sine
1395 1606 1516 1643 corde

592 1671 727 1709 Verba
755 1670 846 1709 serit
874 1670 1072 1721 precibus,
1101 1679 1192 1709 sunt
1222 1670 1305 1709 sine
1335 1684 1509 1720 namque
1538 1670 1682 1709 lucris:

593 1738 689 1775 Non
718 1750 794 1775 vox
823 1744 881 1775 set
909 1744 1062 1784 votum,
1090 1750 1172 1775 non
1202 1736 1353 1774 musica
1382 1737 1545 1774 cordula
1574 1744 1633 1774 set
1662 1749 1741 1783 cor,

593 1803 688 1840 Non
718 1804 893 1840 clamans
923 1810 981 1840 set
1010 1815 1160 1849 amans,
1192 1809 1323 1840 cantat
1353 1801 1393 1839 in
1424 1815 1516 1840 aure
1546 1801 1621 1840 dei.
1898 1817 1964 1848 510

649 1869 767 1906 Mens
798 1867 969 1914 humilis,
1003 1867 1170 1918 simplex
1199 1869 1348 1914 oculus,
1381 1880 1472 1905 caro
1502 1868 1663 1915 munda,
1695 1866 1807 1917 pium
1837 1879 1919 1915 cor,

600 1934 728 1971 Recta
757 1934 866 1980 fides,
899 1934 1011 1971 firma
1040 1946 1130 1983 spes
1160 1932 1231 1971 tibi
1260 1940 1406 1983 prestet
1435 1932 1530 1971 iter:

597 1997 638 2036 Si
667 2006 822 2048 gustare
852 1998 947 2037 velis
978 1997 1252 2037 modulamina
1282 1997 1414 2036 dulcia
1443 1997 1528 2045 celi,

598 2065 669 2101 Est
698 2063 770 2101 tibi
800 2064 1004 2102 mundana
1033 2063 1150 2101 mirra
1179 2063 1355 2102 bibenda
1384 2062 1515 2113 prius:

597 2129 657 2166 Ex
686 2128 905 2178 humilique
935 2136 1003 2166 tuo
1033 2135 1072 2166 te
1102 2128 1248 2166 subdas
1279 2129 1398 2166 corde
1419 2127 1554 2175 Priori,

599 2192 750 2232 Ordine
779 2193 968 2243 pacificus
998 2192 1208 2230 murmuris
1238 2193 1390 2242 absque
1420 2200 1525 2231 nota.

597 2259 761 2296 Summa
790 2257 953 2308 quidem
983 2257 1104 2295 virtus
1134 2257 1321 2296 monachi
1350 2271 1485 2307 parere
1516 2257 1655 2306 Priori,

598 2325 714 2362 Ferre
744 2323 879 2374 ioegum
909 2336 1048 2361 norme
1078 2336 1199 2373 seque
1229 2336 1371 2372 negare
1402 2322 1501 2361 sibi:

598 2391 693 2427 Non
723 2389 808 2427 vilis
837 2388 971 2437 vestis,
999 2402 1081 2426 non
1111 2396 1149 2426 te
1178 2390 1289 2427 locus
1319 2388 1477 2427 vltimus
1507 2396 1636 2439 angat,

599 2456 700 2505 Sepe
730 2454 786 2492 tui
816 2456 956 2492 stultos
986 2453 1134 2493 ordinis
1164 2453 1239 2492 ista
1269 2462 1445 2492 mouent.
1900 2471 1967 2503 520

603 2520 683 2569 Qui
714 2519 789 2558 sibi
818 2519 969 2558 vilescit
999 2527 1037 2558 et
1067 2533 1108 2558 se
1137 2527 1249 2569 putat
1279 2533 1364 2557 esse
1394 2519 1600 2568 minorem,

603 2587 653 2624 Et
683 2585 796 2624 timet
827 2593 865 2624 et
895 2584 1035 2624 mundi
1064 2584 1191 2623 labilis
1221 2586 1299 2622 alta
1327 2584 1435 2634 fugit,

603 2650 684 2689 Hic
715 2658 773 2689 est
802 2658 841 2689 et
870 2650 1026 2701 sapiens
1056 2658 1094 2688 et
1124 2651 1210 2688 celo
1240 2649 1442 2700 proximus
1471 2649 1555 2698 iste,

603 2717 697 2754 Non
727 2715 811 2754 sine
840 2729 880 2754 re
910 2714 1097 2754 monachi
1125 2728 1273 2753 nomen
1302 2714 1420 2753 inane
1448 2715 1556 2766 gerit.

659 2780 716 2820 Sit
745 2780 818 2819 tibi
846 2782 907 2819 lex
935 2779 1089 2820 domini
1118 2779 1283 2829 requieS,
1315 2793 1406 2818 caro
1435 2779 1605 2828 victima,
1638 2780 1810 2819 mundus

1004 2878 1164 2920 Heading
1189 2889 1203 2910 1
1229 2878 1325 2918 quasi
1342 2889 1407 2911 om.
1427 2879 1457 2909 D
