2095 3173
692 216 881 257 LIBER
922 216 1206 267 QUINTUS
1602 231 1684 268 219

326 323 393 361 Nil
424 323 498 361 sibi
527 323 588 362 lex
617 324 745 372 posita
774 323 946 373 prodest,
978 336 1069 361 nam
1099 323 1231 373 regula
1260 324 1366 361 nulla

325 387 489 427 Talibus
519 395 587 436 est,
619 401 693 427 nec
723 389 809 439 quis
838 389 1020 438 prouidet
1048 389 1142 427 inde
1171 389 1306 428 malis:
1617 394 1683 436 650

327 453 420 491 Hec
448 459 507 492 est
534 466 631 503 gens
660 454 818 492 racione
846 466 982 492 carens
1011 461 1051 492 vt
1080 454 1215 501 bestia,
1248 466 1421 504 namque

326 518 421 556 Non
449 525 555 556 amat
583 519 658 556 hec
686 519 901 566 hominem,
933 531 1007 557 nec
1036 525 1146 568 putat
1175 531 1261 558 esse
1290 519 1423 559 deum.

324 584 429 630 Hiis,
460 584 534 621 nisi
563 584 715 622 iusticia
744 584 858 622 fuerit
886 590 1031 622 terrore
1059 591 1203 634 parata,

325 648 597 687 Succumbent
626 649 778 687 domini
807 655 985 699 tempore
1014 650 1133 688 credo
1163 650 1285 689 breui.

266 791 372 836 Quia
405 792 554 827 varias
587 802 723 827 rerum
756 794 1037 837 proprietates
1069 793 1164 829 vsui
1196 794 1378 828 humano
1414 795 1682 828 necessarias

215 851 331 885 nulla
370 850 420 886 de
461 861 507 886 se
547 851 764 895 prouincia
804 853 898 886 sola
935 852 1117 896 parturit
1153 853 1392 894 vniuersas,
1428 853 1539 887 inter
1575 852 1683 886 alios

217 909 360 943 mundi
389 909 654 945 coadiutores
684 909 842 944 Ciuium
875 911 1134 945 Mercatores
1163 911 1452 952 instituuntur,
1478 919 1553 954 per
1578 920 1683 954 quos

216 968 478 1011 singularum
519 969 634 1002 bona
674 969 890 1012 regionum
933 969 1176 1004 alternatim
1218 969 1590 1010 communicantur,
1632 968 1683 1004 cle

217 1036 391 1069 quorum
416 1026 501 1060 iam
528 1026 692 1061 actibus
718 1027 900 1062 scribere
925 1029 1229 1070 consequenter
1255 1027 1445 1062 intendit.

90 1110 217 1157 Capm.
242 1109 289 1147 xi.
377 1108 417 1146 Si
447 1120 535 1146 mea
564 1108 766 1146 nobilibus
794 1107 951 1146 vrbanis
981 1108 1122 1157 scripta
1151 1109 1363 1155 revoluam,

28 1172 31 1179 “
326 1174 435 1222 Quid
466 1174 606 1221 dicam,
639 1180 697 1212 set
727 1174 782 1212 eis
812 1180 870 1212 est
899 1174 1026 1212 honor
1055 1181 1113 1211 est
1143 1180 1181 1212 et
1210 1175 1340 1211 onus?

326 1239 397 1276 Est
427 1238 555 1277 honor
584 1245 623 1276 vt
652 1245 780 1276 tantas
809 1244 942 1276 teneat
971 1238 1082 1277 Ciuis
1111 1237 1184 1276 sibi
1213 1251 1337 1288 gasas,

324 1304 396 1341 Est
426 1316 526 1342 onus
555 1310 595 1342 vt
623 1304 731 1341 lucra
759 1304 886 1353 querit
914 1303 1060 1342 habere
1088 1304 1213 1342 mala:

325 1369 398 1407 Est
427 1369 556 1407 honor
585 1369 758 1407 officium
788 1369 945 1406 maioris
974 1369 1165 1418 prendere
1195 1370 1335 1416 ciuem,

325 1434 397 1472 Est
426 1447 526 1472 onus
556 1434 673 1472 officii
703 1435 785 1471 iura
813 1440 947 1472 tenere
976 1434 1059 1471 sui:
1615 1438 1681 1471 660

324 1499 482 1537 Transit
511 1499 639 1537 honor
668 1505 726 1537 set
754 1505 901 1548 perstat
930 1511 1042 1546 onus,
1074 1499 1183 1548 quod
1212 1499 1244 1537 si
1273 1499 1376 1537 male
1405 1499 1534 1549 gessit,

323 1565 418 1602 Hoc
448 1564 541 1611 scio,
573 1564 683 1613 quod
712 1564 867 1613 pondus
897 1576 978 1602 non
1008 1564 1169 1602 leuiabit
1198 1565 1336 1603 honor.

323 1629 427 1667 Vrbs
457 1635 532 1667 stat
561 1630 784 1668 eommunis
815 1630 865 1668 de
893 1629 1077 1679 gentibus
1107 1642 1200 1668 ecce
1229 1629 1394 1676 duabus,

324 1695 424 1732 Sunt
454 1695 709 1741 MercatoreS,
740 1701 831 1733 sunt
861 1695 978 1733 simul
1006 1695 1198 1734 artifices:

326 1760 484 1809 Indiget
513 1761 670 1798 alterius
700 1761 755 1798 sic
784 1761 880 1798 alter
908 1760 1054 1798 habere
1084 1761 1282 1808 iuuamen,

324 1825 379 1862 Vt
408 1825 456 1862 sit
485 1825 708 1862 communis
737 1825 793 1862 sic
821 1837 932 1862 amor
960 1825 1061 1862 inter
1090 1837 1182 1873 eos3

323 1889 493 1926 Vincula
522 1901 695 1938 namque
723 1890 804 1927 duo
834 1889 908 1927 sibi
937 1890 1131 1938 stringunt
1161 1890 1304 1928 forcius
1332 1902 1420 1936 vno,

325 1954 389 1992 Sic
419 1955 499 1992 duo
528 1967 620 1991 cum
649 1955 746 1992 socii
776 1954 852 1992 sint
882 1954 922 1991 in
951 1966 1085 1992 amore
1115 1954 1240 2004 probi.

324 2019 432 2056 Inter
462 2019 627 2056 maiores
657 2019 753 2056 dum
784 2019 917 2056 firmus
947 2031 1138 2068 amorque
1166 2020 1339 2059 minores

324 2085 544 2131 Permanet,
576 2083 666 2122 vrbs
695 2084 840 2133 gaudet
869 2091 907 2122 et
936 2085 1080 2133 policia
1109 2085 1234 2134 viget:
1616 2091 1682 2134 670

324 2149 512 2188 Crescere
540 2161 621 2187 rem
652 2149 858 2187 minimam
887 2150 1014 2198 gentis
1044 2150 1257 2188 concordia
1286 2156 1443 2200 prestat,

323 2215 499 2252 Maxima
528 2227 587 2252 res
618 2214 767 2252 discors
796 2214 939 2252 labitur
967 2215 1088 2264 inque
1118 2215 1250 2253 nichil.

321 2280 428 2317 Vnio
458 2280 554 2318 dum
583 2280 709 2329 gentis
739 2280 863 2326 durat,
896 2279 1053 2318 durabit
1082 2287 1120 2318 et
1149 2279 1254 2318 vrbis

321 2345 464 2382 Mutua
492 2345 655 2392 iusticia,
686 2346 837 2395 plaudit
866 2352 904 2383 et
934 2345 1063 2383 omnis
1093 2358 1162 2393 ea3

321 2409 361 2447 Si
391 2410 439 2447 sit
467 2416 506 2448 et
534 2417 705 2458 econtra,
735 2418 830 2448 tunc
858 2410 973 2449 vrbes
1002 2418 1139 2449 mutua
1169 2411 1343 2460 dampna

319 2475 486 2522 Vexant‚
516 2482 554 2514 et
584 2488 667 2513 rara
697 2483 788 2514 sunt
817 2477 939 2525 magis
970 2476 1063 2514 inde
1092 2476 1209 2513 lucra.

375 2539 483 2577 Sicut
512 2546 550 2577 et
579 2540 724 2588 audiui,
756 2541 811 2578 sic
840 2553 1002 2590 possum
1032 2541 1242 2587 testificari,

320 2603 397 2640 Vix
426 2604 536 2642 sedet
565 2605 605 2642 in
635 2606 771 2644 Banco
799 2606 932 2655 regula
960 2606 1060 2643 iusta
1089 2606 1236 2644 modo:

322 2669 415 2706 Non
445 2669 545 2717 sapit
573 2670 638 2708 ille
666 2670 785 2709 deum
815 2671 883 2720 qui
912 2677 1018 2709 totus
1047 2671 1199 2709 inheret
1228 2669 1457 2710 habendum

322 2734 410 2770 Has
438 2745 603 2783 pompas
633 2735 782 2783 mundi,
814 2748 962 2774 nomen
991 2742 1031 2774 vt
1060 2735 1180 2773 addat
1209 2735 1257 2774 ei.
1610 2742 1676 2774 680

322 2799 371 2835 In
401 2798 531 2847 specie
561 2799 689 2838 nullos
718 2806 848 2839 statuo
878 2813 1009 2850 neque
1037 2801 1166 2849 culpo,
1198 2807 1256 2839 set
1285 2800 1372 2839 illos

321 2863 401 2913 Qui
430 2870 588 2914 propter
615 2865 810 2904 mundum
839 2866 1047 2916 preteriere
1076 2865 1218 2904 deum:
