2095 3173
920 200 1049 240 VOX
1089 200 1447 241 CLAMANTIS

607 307 773 344 Brachia
803 307 921 356 longa
950 307 1057 344 videt
1087 318 1212 355 pauce
1242 313 1412 343 crassata
1442 307 1625 354 rotundo,

553 373 771 421 Amplexus
802 384 971 420 quorum
1002 371 1124 408 celica
1154 383 1272 419 regna
1303 378 1425 420 putat,

551 439 603 476 Et
635 438 741 475 videt
770 443 930 474 ornatos
961 437 1169 485 splendere
1200 449 1339 474 manus
1369 437 1603 487 digitosque,

554 505 742 551 Lanaque
773 514 845 539 nec
875 502 1004 539 mollis
1035 502 1189 539 mollior
1217 509 1318 539 astat
1348 503 1427 550 eis3

553 568 688 606 Cernit
718 574 757 605 et
786 567 965 605 insolitos
996 567 1180 605 humeros
1209 568 1261 605 ad
1291 580 1391 606 onus
1421 568 1600 617 pueriles,

554 634 640 670 Nec
669 640 775 682 patet
804 645 848 670 os
879 632 918 669 in
949 633 1015 679 eis,
1047 633 1103 670 sic
1132 640 1263 682 stupet
1293 634 1386 671 inde
1415 634 1560 683 magis:

555 700 628 736 Per
657 699 757 736 latus
787 705 826 736 et
854 698 1038 748 gracilem
1068 699 1174 736 videt
1203 700 1386 749 elongare
1416 707 1613 746 staturam,

555 765 679 802 Linea
709 776 783 801 nec
813 771 917 802 recta
946 764 1095 801 reccior
1123 772 1222 802 astat
1252 777 1298 802 ea
1315 779 1325 812 3
1856 780 1917 802 100

555 830 650 867 Eius
680 837 718 868 et
748 830 925 867 incessus
955 830 1079 867 cernit
1108 830 1284 878 peditare
1313 830 1478 877 choreis,

553 896 696 933 Passus
725 907 950 933 mensuram
979 895 1142 932 denotat
1170 902 1291 944 atque
1320 908 1432 932 suam
1447 909 1457 943 3

555 961 621 997 Nil
651 960 725 998 sibi
757 960 912 998 Sirenes
942 967 1137 1009 equantur
1166 973 1263 998 voce
1293 968 1492 1008 canentes,

554 1026 641 1063 Nec
669 1038 744 1063 vox
773 1025 951 1075 angelica
979 1025 1042 1062 vix
1071 1033 1185 1063 sonat
1215 1032 1335 1075 vtque
1364 1039 1444 1064 sua.

607 1092 659 1129 Et
687 1099 806 1140 caput
835 1091 1020 1140 amplecti
1050 1092 1174 1129 cernit
1203 1092 1451 1141 gemmisque
1480 1091 1614 1139 nitere,

552 1158 612 1194 Ac
641 1157 759 1195 vestis
789 1169 975 1206 pompam
1007 1169 1086 1206 que
1115 1158 1238 1206 magis
1267 1163 1376 1206 aptat
1405 1169 1516 1195 eam:

553 1222 726 1271 Compta
756 1223 862 1260 venit
892 1222 1071 1269 nimium,
1104 1235 1182 1271 que
1210 1223 1293 1260 vult
1321 1223 1495 1261 formosa
1523 1222 1658 1270 videri,

552 1288 670 1326 Vnde
699 1295 859 1337 stupore
888 1288 1011 1337 magis
1041 1288 1090 1325 sit
1119 1289 1352 1337 semiraptus
1381 1301 1530 1326 amans.

553 1354 700 1391 Omnia
730 1353 908 1391 membra
937 1353 1010 1390 sibi
1041 1361 1270 1402 reputantur
1299 1354 1339 1390 in
1368 1354 1507 1392 ordine
1536 1354 1614 1400 tali,

553 1419 606 1456 Vt
636 1419 734 1456 deus
765 1419 804 1455 in
835 1418 985 1467 superis
1014 1418 1159 1456 fecerat
1188 1418 1285 1457 illud
1315 1431 1414 1468 opus
1429 1432 1440 1467 3
1857 1434 1917 1456 110

554 1484 779 1521 Discrimen
809 1484 960 1532 capitis,
990 1484 1098 1521 frons
1128 1482 1261 1530 libera,
1292 1484 1418 1522 lactea
1447 1485 1559 1532 colla,

553 1549 644 1595 Ora,
676 1548 829 1595 labella,
862 1548 991 1595 rubor,
1024 1548 1174 1586 lumina
1202 1549 1306 1586 clara
1334 1550 1516 1598 placent,

552 1615 709 1661 Vertex‚
741 1615 859 1661 frons,
891 1614 1006 1660 oculi,
1039 1626 1169 1659 nasus,
1201 1614 1311 1661 dens,
1345 1627 1400 1662 os,
1431 1627 1542 1664 gena,
1575 1622 1766 1661 mentum,

552 1679 676 1726 Colla,
709 1692 860 1725 manus,
893 1686 1041 1728 pectus,
1073 1691 1143 1728 pes
1173 1679 1257 1717 sine
1285 1679 1375 1718 labe
1404 1681 1542 1727 nitent,

552 1745 683 1781 Vnam
714 1756 788 1782 nec
817 1744 1014 1781 maculam
1045 1744 1169 1781 solam
1199 1751 1338 1782 natura
1367 1745 1533 1794 reliquit,

551 1809 618 1847 Ad
646 1816 764 1858 caput
793 1821 815 1846 a
845 1809 978 1857 planta
1008 1809 1223 1846 transuolat
1253 1810 1326 1847 iste
1355 1810 1498 1848 decor:

554 1875 786 1911 Humanam
817 1874 990 1923 speciem
1020 1874 1263 1912 transcendit
1292 1874 1418 1912 forma
1446 1875 1587 1924 puelle,

551 1940 761 1978 Excedens
791 1940 995 1977 hominem
1026 1940 1200 1977 numinis
1229 1941 1350 1979 instar
1378 1940 1523 1989 habet3

553 2006 627 2043 Pre
655 2005 808 2042 cunctis
838 2005 934 2051 aliis,
965 2017 1062 2054 quas
1092 2012 1205 2043 ornat
1233 2006 1362 2055 gracia
1391 2007 1527 2053 forme,

554 2071 662 2108 Felix
692 2077 730 2108 et
759 2070 864 2108 fenix
894 2071 966 2108 ista
995 2071 1039 2108 fit
1067 2069 1219 2120 absque
1248 2084 1350 2120 pare.
1853 2087 1915 2108 120

553 2135 770 2184 Splendida
798 2136 916 2173 vestis
946 2135 1027 2182 erit,
1059 2136 1304 2184 precinctum
1334 2137 1430 2175 flore
1458 2143 1667 2186 caputque,

553 2201 675 2238 Flaua
704 2200 950 2238 verecundus
979 2200 1100 2249 cingit
1129 2207 1168 2238 et
1197 2212 1264 2238 ora
1293 2200 1439 2249 rubor3

554 2266 697 2303 Forma
725 2265 853 2314 placet
882 2265 1104 2314 niueusque
1133 2265 1241 2302 color
1269 2265 1441 2315 flauique
1470 2266 1611 2315 capilli,

551 2331 704 2380 Estque
732 2330 883 2368 micans
913 2330 1018 2367 nulla
1048 2330 1172 2367 factus
1201 2329 1251 2368 ab
1280 2338 1362 2368 arte
1390 2331 1533 2370 decor:

555 2396 631 2433 Vix
659 2396 730 2434 erit
758 2395 953 2445 aspiciens
982 2396 1049 2444 qui
1079 2408 1160 2433 non
1189 2396 1364 2445 capietur
1392 2396 1443 2434 ab
1472 2397 1547 2444 illa,

555 2463 708 2498 Pronus
736 2467 777 2498 vt
806 2461 846 2497 in
876 2468 1017 2498 terram
1048 2461 1104 2497 vir
1132 2473 1202 2498 sua
1230 2468 1321 2498 vota
1350 2462 1472 2509 ferat;

554 2528 646 2575 Ipsa
675 2538 747 2564 suo
776 2526 887 2564 vultu
917 2527 947 2563 si
977 2539 1096 2575 quem
1126 2533 1338 2564 concernat
1367 2534 1582 2575 amantem,

553 2592 680 2629 Heret
709 2592 748 2628 in
778 2592 961 2640 opposita
989 2592 1138 2629 lumina
1167 2592 1265 2628 fixus
1295 2592 1427 2629 homo.

609 2656 690 2704 Qui
720 2669 811 2694 cum
841 2664 920 2694 tam
951 2657 1109 2694 dulcem
1140 2657 1245 2694 videt
1274 2664 1452 2695 ornatam
1484 2670 1561 2707 que
1590 2657 1773 2696 decoram

553 2722 783 2759 Femineam
813 2722 996 2771 speciem,
1029 2729 1087 2760 set
1116 2722 1238 2771 magis
1267 2723 1496 2771 angelicam,
1848 2740 1910 2770 130

554 2787 674 2823 Hanc
703 2794 814 2836 putat
844 2799 930 2825 esse
959 2788 1087 2836 deam,
1119 2787 1301 2826 manibus
1331 2788 1405 2826 sub
1434 2790 1546 2828 cuius
1575 2790 1761 2839 adeptam

552 2852 631 2889 Dat
660 2852 738 2890 vite
768 2859 912 2891 sortem
942 2853 1079 2891 mortis
1107 2859 1147 2891 et
1175 2865 1260 2892 esse
1290 2865 1427 2893 suam:
