2095 3173
423 226 504 277 306

897 226 1027 267 VOX
1067 225 1427 267 CLAMANTIS

585 332 840 383 Longanimis
870 334 1022 371 domini
1051 331 1253 371 sentencia
1281 345 1375 381 sepe
1403 338 1586 379 moratur,

530 400 600 436 Vir
629 399 759 437 bonus
789 397 962 435 inmunis
993 411 1066 436 nec
1096 399 1222 435 malus
1252 398 1351 435 vllus
1382 397 1464 435 erit.

532 465 663 513 Quem
694 464 791 502 deus
821 463 885 501 ille
915 463 1012 510 ferit,
1045 464 1155 502 nullo
1183 464 1286 501 valet
1316 462 1412 501 orbe
1441 463 1552 510 tueri,

530 531 569 568 Si
601 541 681 567 non
712 528 925 566 contritum
956 529 1072 578 culpa
1102 529 1296 578 relinquat
1325 541 1427 566 eum.

530 596 703 632 Mortem
732 594 933 643 peccantis
963 607 1045 632 non
1074 595 1157 632 vult
1187 594 1296 647 deus,
1329 594 1452 631 immo
1482 592 1663 632 misertus

529 660 625 697 Vult
653 665 694 697 vt
724 666 905 706 vertatur,
940 672 1020 709 quo
1051 659 1125 698 sibi
1155 660 1233 698 vita
1263 660 1399 697 datur:

530 726 602 763 Est
631 724 718 774 pius
749 725 833 773 ipse
863 725 972 772 deus,
1005 725 1205 774 scripturis
1234 726 1334 763 sicut
1364 725 1569 772 habemus,

530 792 606 828 Pro
635 789 820 828 Sodomis
850 789 1011 828 Abrahe
1040 789 1189 828 dixerat
1218 791 1302 839 ipse
1331 790 1418 839 pie:
1814 805 1898 826 1220

532 857 665 894 ‘Inter
694 855 921 905 iniquorum
951 862 1009 894 tot
1040 855 1147 894 milia
1177 862 1218 893 tu
1248 856 1488 905 populorum

529 922 674 960 Redde
703 922 844 960 decern
875 922 1009 969 iustos,
1041 929 1079 960 et
1109 921 1326 960 miserebor
1356 922 1422 959 eis.

530 989 602 1026 Est
631 986 753 1025 michi
782 1000 873 1024 nam
905 988 976 1025 soli
1007 988 1208 1037 proprium
1239 986 1389 1025 miseris
1420 986 1604 1034 misereri,

531 1054 669 1092 Multis
699 1066 770 1103 pro
799 1053 934 1102 paucis
963 1065 1121 1102 parcere
1150 1066 1244 1091 curo
1274 1052 1426 1091 libens.'

531 1120 568 1158 O
598 1119 708 1166 deus,
740 1131 832 1169 ergo
862 1118 934 1156 tibi
964 1119 1061 1168 quid
1091 1117 1233 1166 dicam,
1266 1119 1472 1168 quomodo
1502 1119 1624 1157 nostri

533 1186 681 1222 Luctus
711 1182 889 1222 continui
921 1190 1012 1221 sunt
1041 1182 1112 1221 tibi
1143 1196 1247 1233 nuga
1277 1184 1420 1233 quasi?

586 1250 734 1287 Nonne
763 1249 905 1287 decern
935 1249 1024 1286 iusti
1055 1249 1178 1287 modo
1208 1256 1309 1295 sunt,
1342 1249 1490 1286 meritis
1521 1255 1562 1286 vt
1590 1260 1727 1286 eorum

532 1315 699 1353 Stellifer
728 1313 812 1364 ipse
842 1313 926 1352 dies
956 1321 1065 1352 curet
1096 1315 1135 1351 in
1166 1313 1262 1352 orbe
1292 1314 1446 1352 malos?

531 1381 614 1418 Aut
643 1380 742 1418 deus
771 1379 917 1417 oblitus
948 1386 1007 1417 est
1037 1378 1247 1417 immemor
1275 1379 1326 1417 ad
1356 1379 1637 1425 miserandum,

534 1445 692 1483 Dormit
721 1445 782 1483 vel
812 1444 935 1494 fingit,
967 1450 1035 1482 aut
1065 1444 1139 1482 sibi
1169 1445 1272 1482 facta
1301 1445 1434 1482 latent.
1813 1458 1900 1491 1230

532 1510 673 1548 Verius
703 1517 742 1548 vt
772 1511 913 1556 dicam,
946 1510 1044 1547 deus
1074 1516 1133 1547 est
1161 1522 1362 1556 accensus,
1395 1516 1434 1547 et
1463 1509 1563 1559 ignis

534 1576 734 1613 Fulminat
763 1576 857 1613 inde
888 1574 1022 1621 Iacob,
1055 1575 1190 1623 iraque
1219 1575 1297 1612 lata
1327 1575 1441 1613 furit:

533 1641 597 1678 Sic
626 1647 665 1678 et
694 1641 846 1690 plasma
875 1653 991 1678 suum
1021 1640 1234 1689 plasmator
1262 1638 1458 1686 abhorret,
1490 1646 1528 1677 et
1558 1639 1687 1689 ipsum

532 1707 709 1756 Torquet
738 1718 808 1755 pro
839 1705 950 1743 factis
980 1717 1058 1754 que
1085 1703 1192 1742 videt
1221 1705 1305 1753 ipse
1335 1705 1457 1742 malis.

589 1771 638 1818 O,
670 1771 738 1820 qui
768 1769 930 1808 mentali
959 1770 1065 1808 videt
1095 1781 1142 1807 ex
1170 1770 1287 1807 oculo
1317 1770 1420 1807 mala
1449 1775 1583 1807 nostra

536 1835 735 1875 Omnibus
766 1836 806 1872 in
836 1835 1022 1884 gradibus
1052 1835 1284 1872 continuare
1314 1833 1410 1882 dies,

535 1902 678 1940 Dicere
708 1908 803 1939 tunc
832 1901 974 1950 poterit
1004 1900 1113 1950 quod
1142 1900 1234 1938 talia
1263 1900 1394 1938 nullus
1423 1899 1474 1938 ab
1503 1912 1579 1938 euo

537 1967 740 2016 Impunita
770 1965 839 2003 diu
867 1964 1032 2003 crimina
1062 1964 1158 2003 vidit
1187 1965 1321 2003 homo.

536 2032 637 2081 Quis
658 2038 780 2069 status
811 2031 875 2068 ille
905 2030 1038 2076 modo,
1070 2029 1167 2079 quin
1197 2031 1246 2068 sit
1275 2038 1547 2079 transgressus,
1580 2037 1618 2068 et
1647 2030 1758 2078 ordo,

537 2098 670 2146 Quem
699 2097 846 2134 iustum
877 2096 1018 2141 dicam,
1051 2095 1186 2133 deficit
1214 2096 1319 2133 vnde
1349 2097 1480 2133 sciam.
1816 2111 1900 2142 1240

538 2164 633 2200 Hoc
663 2162 737 2199 nisi
767 2160 883 2209 gratis
914 2168 1029 2207 emat,
1062 2160 1203 2198 dubito
1233 2172 1355 2209 prope
1385 2161 1494 2210 quod
1522 2161 1715 2210 generalis

539 2229 718 2266 Decasus
749 2234 880 2264 nostre
909 2225 1174 2274 prosperitatis
1204 2226 1339 2264 adest:

539 2295 606 2332 Set
635 2294 727 2343 quia
757 2293 807 2330 de
837 2290 1001 2330 summis
1030 2291 1216 2340 gradibus
1246 2291 1349 2328 mala
1377 2291 1690 2340 progrediuntur,

542 2360 613 2397 Est
642 2358 709 2408 qui
739 2369 918 2396 summus
948 2369 1016 2394 eos
1047 2356 1212 2405 corrigat
1242 2356 1325 2405 ipse
1355 2356 1464 2394 deus

481 2495 559 2528 Hie
608 2494 791 2538 loquitur
840 2494 916 2527 sub
969 2491 1212 2535 compendio
1259 2491 1576 2534 recapitulando
1622 2491 1804 2535 finaliter
1853 2493 1901 2527 de

435 2553 613 2596 singulis
644 2552 787 2586 mundi
821 2552 1032 2595 gradibus,
1066 2551 1134 2594 qui
1168 2550 1419 2593 singillatim
1458 2560 1484 2584 a
1517 2551 1656 2585 debito
1682 2551 1902 2586 deuiantes

437 2612 579 2646 ordine
614 2611 796 2646 virtutes
836 2610 1100 2644 diminuendo
1137 2608 1372 2651 extingunt,
1415 2611 1458 2643 et
1494 2619 1545 2643 ea
1584 2620 1660 2654 que
1698 2610 1902 2645 viciorum

435 2673 535 2705 sunt
560 2670 872 2714 augmentando
899 2669 1183 2712 multipliciter
1208 2670 1416 2702 exercent.

264 2754 390 2802 Capm.
414 2749 514 2789 xxiii.

600 2750 765 2788 Dudum
794 2751 963 2799 prelatus
993 2750 1121 2787 solum
1149 2749 1285 2787 diuina
1312 2748 1482 2798 gerebat,

547 2816 665 2852 Nunc
694 2822 852 2864 propter
880 2815 1074 2852 mundum
1105 2814 1230 2851 nescit
1259 2813 1405 2851 habere
1434 2814 1581 2853 deum:

547 2879 715 2919 Curatus
743 2892 836 2918 cure
864 2879 1016 2918 dudum
1045 2879 1217 2926 seruiuit‚
1249 2885 1286 2916 et
1314 2877 1398 2928 ipse
