2095 3173
605 227 794 268 LIBER
833 226 1108 268 TERCIUS

235 331 411 371 Efficitur
439 339 597 370 sanctus
626 345 746 382 quem
775 331 916 382 probat
944 331 1028 382 ipse
1056 332 1164 370 deus.

233 398 318 435 Nos
348 404 481 435 tamen
509 410 533 434 a
560 396 676 446 plebe
705 396 736 435 si
765 396 927 434 nomine
955 395 1226 446 glorificemur,

232 461 284 499 Et
312 462 446 499 laudet
474 461 658 507 mundus,
689 462 772 498 laus
802 461 930 510 placet
957 460 1023 498 illa
1051 459 1166 497 satis:

233 526 402 563 Laruata
430 525 529 563 facie
558 524 614 563 sic
642 524 786 562 fallitur
814 526 912 563 ordo
940 531 1137 575 paternus,

233 591 326 638 Quo
355 589 520 628 furtiuus
549 591 678 628 honor
705 588 917 639 expoliauit
946 602 1057 627 onus.

285 657 375 693 Vox
402 654 539 705 populi
567 667 659 693 cum
688 667 786 692 voce
814 653 879 692 dei
908 655 1135 700 concordat,
1166 661 1206 691 vt
1236 652 1319 703 ipsa

233 721 282 758 In
310 720 427 758 rebus
456 719 587 758 dubiis
616 719 665 758 sit
693 720 908 758 metuenda
937 718 1083 768 magis:

233 786 324 823 Hec
353 798 426 835 ego
455 798 533 835 que
561 784 692 824 dicam
720 784 871 824 dictum
901 796 1114 823 commune
1143 783 1324 830 docebat,

233 850 320 888 Nec
349 863 438 888 mea
466 850 584 888 verba
613 849 687 888 sibi
716 849 812 900 quid
841 848 1027 887 nouitatis
1058 848 1217 886 habent.

220 916 283 967 ‚In
313 916 543 954 cathedram
573 915 705 965 Moysi
733 928 840 953 nunc
868 915 1090 952 ascendunt
1120 912 1306 959 Pharisei,

234 982 285 1019 Et
314 980 440 1019 scribe
469 980 645 1018 scribunt
673 981 828 1030 dogma,
859 992 934 1018 nec
961 979 1059 1017 illud
1087 985 1218 1028 agunt.

232 1046 338 1083 Nam
367 1052 564 1092 constans,
595 1044 765 1091 humilis,
796 1046 935 1094 largus,
966 1050 1096 1081 castus
1125 1055 1204 1092 que
1233 1043 1447 1089 modestus,

233 1108 295 1146 Fit
324 1108 468 1159 quibus
497 1108 671 1147 ecclesiis
701 1109 834 1158 regula
862 1109 967 1146 culta
995 1106 1113 1157 prius,

233 1175 353 1212 Nunc
382 1186 515 1220 vanos,
547 1173 724 1224 cupidOS,
755 1174 889 1219 elatos,
921 1171 1150 1218 luxuriosos,

234 1239 508 1288 Raptoresque
537 1250 609 1276 suo
638 1236 874 1275 substituere
902 1237 1002 1274 loco.

234 1301 424 1340 Pacificos
452 1301 508 1339 ira
536 1300 731 1350 mitesque
759 1299 942 1350 superbia
969 1298 1072 1345 vicit,

233 1368 432 1405 Nummus
460 1367 581 1405 habet
608 1365 731 1404 iustos
760 1372 799 1404 et
827 1366 965 1403 Venus
993 1364 1059 1402 illa
1087 1376 1228 1401 sacros.

233 1431 297 1471 Sic
325 1445 407 1470 non
436 1431 589 1470 iusticia
616 1444 754 1470 causas
783 1430 890 1480 regit,
922 1429 1046 1468 immo
1074 1430 1256 1467 voluntas

233 1497 452 1537 Obfuscata
480 1496 592 1535 malis
621 1509 699 1546 que
727 1495 885 1534 racione
914 1501 1071 1533 carent:

232 1560 296 1600 Sic
326 1563 448 1600 modo
476 1568 576 1599 terra
605 1562 701 1599 deos
731 1559 824 1598 colit
853 1566 892 1598 et
920 1560 1111 1597 laceratur
1138 1558 1190 1596 ab
1218 1556 1323 1609 ipsis,

235 1628 306 1665 Est
334 1628 431 1665 dum
460 1627 522 1664 lex
550 1625 642 1664 cleri
671 1624 804 1664 nescia
831 1626 917 1675 lege
946 1624 1021 1663 dei.

234 1690 363 1729 Nudis
392 1690 470 1729 iam
499 1690 627 1729 verbis
656 1681 746 1728 vani
774 1697 842 1728 tua
870 1689 953 1727 iura
981 1690 1159 1739 figurant,

234 1758 285 1794 Et
314 1755 435 1794 nichil
463 1763 530 1794 aut
559 1755 763 1794 modicum
791 1756 968 1805 pondere
996 1753 1088 1792 iuris
1117 1760 1239 1803 agunt
1254 1767 1265 1800 3

236 1819 436 1870 Exemplis
465 1833 629 1870 operum
659 1826 697 1857 te
726 1832 822 1866 raro,
855 1818 993 1865 Criste‚
1025 1825 1224 1868 sequntur,

234 1886 538 1934 Perfectumque
566 1891 633 1921 tue
660 1882 755 1933 legis
784 1882 901 1921 inane
929 1889 1075 1921 tenent.

236 1949 326 1997 Que
355 1956 422 1987 tua
450 1955 635 1998 precepta
662 1954 827 1997 ponunt,
859 1948 1058 1997 deponere
1086 1952 1224 1984 curant

234 2015 270 2051 A
298 2012 464 2063 propriis
492 2011 676 2059 humeris,
707 2025 785 2062 que
814 2011 934 2049 michi
962 2012 1060 2049 ferre
1088 2009 1226 2048 iubent
1242 2023 1251 2057 ;

236 2079 327 2116 Hec
357 2085 540 2127 precepta
568 2084 702 2115 tamen
731 2089 809 2126 que
837 2075 959 2126 gloria
987 2074 1099 2125 ponit
1127 2073 1265 2121 inanis,

236 2144 273 2180 A
302 2156 365 2181 me
395 2144 576 2181 tollentes
605 2141 761 2193 propria
788 2142 887 2180 ferre
914 2142 1063 2179 volunt.

237 2209 300 2245 De
328 2209 587 2246 fundamento
615 2220 698 2245 non
726 2213 874 2253 curant,
905 2205 1028 2244 immo
1057 2206 1270 2255 columpne

238 2272 417 2323 Effigiem
445 2274 608 2320 laruant,
640 2285 681 2310 se
710 2284 870 2322 quoque
899 2272 1047 2321 templa
1075 2278 1229 2309 vocant.

290 2339 428 2388 Nuper
455 2345 536 2376 erat
564 2338 693 2376 celum
723 2344 962 2386 corruptum,
994 2335 1129 2385 sicque
1158 2334 1350 2385 superbus

238 2401 394 2442 Corruit
422 2415 469 2441 ex
495 2401 595 2450 altis,
625 2403 756 2452 lapsus
786 2408 824 2439 et
852 2413 942 2450 yma
970 2407 1078 2438 tenet
1093 2414 1103 2447 5

237 2469 394 2517 Proque
423 2480 494 2505 suo
522 2466 624 2505 vicio
653 2466 708 2505 sic
737 2468 869 2504 Adam
899 2467 949 2504 de
978 2464 1170 2516 paradiso,

237 2531 301 2570 Sic
331 2533 531 2581 Iudasque
560 2545 675 2570 suum
704 2530 875 2581 perdidit
903 2530 987 2580 ipse
1015 2530 1204 2579 gradum:

238 2597 333 2634 Non
361 2595 509 2634 faciunt
536 2595 741 2634 hominem
771 2602 893 2633 status
921 2602 989 2632 aut
1016 2595 1126 2631 locus
1156 2604 1241 2630 esse
1270 2591 1442 2637 beatum,

239 2660 348 2708 Quin
377 2660 499 2710 magis
527 2661 600 2698 hos
628 2667 807 2699 sternunt
836 2658 904 2709 qui
932 2670 1135 2708 superesse
1163 2657 1311 2694 volunt.

240 2725 277 2764 O
307 2726 415 2771 deus,
447 2724 653 2763 ecclesiam
681 2724 807 2763 fecisti
836 2736 955 2774 quam
984 2722 1055 2761 tibi
1085 2728 1272 2768 sanctam,

241 2790 406 2828 Sanctos
434 2790 603 2839 prelatos
631 2790 693 2827 fac
723 2788 839 2828 simul
867 2787 960 2826 inde
988 2794 1101 2825 tuos:

754 2870 836 2908 1265
861 2868 944 2899 fallit
962 2867 986 2899 S

1514 239 1586 278 141

1508 861 1590 895 ¹²70

1507 1501 1592 1531 1280

1509 2154 1593 2188 1290

1510 2799 1595 2831 1300
