2095 3173
412 212 488 261 176
874 209 1004 250 VOX
1047 207 1405 250 CLAMANTIS

454 338 532 373 Hic
565 339 748 383 loquitur
778 340 885 382 quod
917 339 1026 373 sicut
1059 337 1256 371 monachi
1290 337 1352 371 ita
1378 337 1420 371 et
1455 336 1647 370 errantes
1677 333 1880 369 Canonici

406 408 432 431 a
451 398 539 432 suis
557 400 657 433 sunt
675 397 918 432 excessibus
936 395 1140 439 culpandi.

256 475 384 526 Capffl.
407 476 483 516 viii.
572 479 620 516 In
651 491 690 515 re
720 476 927 522 consimili,
960 475 1060 514 sicut
1090 476 1249 514 decreta
1278 476 1460 520 fatentur,

516 542 715 581 Iudicium
745 541 872 580 simile
901 542 952 580 de
981 540 1139 579 racione
1169 539 1309 579 dabis:

516 609 726 657 Quotquot
755 607 795 644 in
825 606 992 645 ecclesia
1021 606 1223 656 signantur
1252 604 1431 656 religiosi,

515 672 555 711 Si
584 686 830 723 possessores
860 672 948 720 sint,
980 679 1210 722 reputantur
1239 671 1356 710 idem.
1813 684 1880 715 350

514 739 568 776 Vt
598 739 828 785 monachos,
859 737 914 775 sic
944 736 1158 775 canonicos
1188 750 1288 786 quos
1317 735 1450 775 deuiat
1479 749 1592 783 error,

517 805 566 841 In
596 816 689 841 casu
719 802 836 841 simili
865 804 983 852 culpa
1011 810 1180 852 coequat
1210 815 1288 840 eos.

516 870 637 907 Nunc
669 876 813 915 tamen,
845 875 885 906 vt
914 869 1043 914 fertur,
1076 869 1206 918 plures
1237 880 1307 905 sua
1335 866 1419 905 iura
1447 866 1639 912 recidunt,

514 935 748 984 Apocapata
776 947 883 972 nouo
913 946 990 983 que
1020 932 1132 983 quasi
1160 932 1242 970 iure
1271 932 1410 970 silent:

517 1001 640 1037 Hunc
670 998 839 1049 rigidum
869 1006 1031 1045 textum,
1063 1011 1183 1047 quem
1213 997 1418 1047 scripserat
1447 1004 1584 1036 auctor
1613 1010 1761 1043 eorum,

517 1064 756 1103 Mollificant
783 1063 902 1114 glosis
931 1064 982 1102 de
1012 1062 1188 1101 nouitate
1218 1062 1307 1101 suis.

516 1129 677 1177 Sufficit,
709 1137 749 1168 vt
777 1130 955 1176 credunt,
987 1128 1129 1179 signari
1157 1128 1320 1167 nomine
1349 1127 1474 1166 sancti

517 1194 689 1242 Ordinis,
721 1202 760 1233 et
788 1196 915 1233 facere
944 1195 1054 1244 quod
1084 1194 1181 1244 petit
1210 1195 1308 1232 ordo
1337 1207 1486 1244 parum.

571 1262 732 1299 Nomen
763 1259 958 1300 Canonici
988 1259 1018 1297 si
1049 1259 1097 1297 sit
1126 1260 1176 1298 de
1206 1273 1359 1298 canone
1390 1266 1603 1309 sumptum,

517 1327 623 1364 Illud
652 1325 692 1363 in
721 1327 863 1364 effectu
893 1338 952 1363 res
982 1324 1053 1363 tibi
1082 1339 1167 1363 raro
1196 1325 1360 1375 probat:
1815 1328 1880 1370 360

517 1390 590 1428 Hii
618 1398 751 1429 tamen
780 1392 832 1429 ad
861 1390 988 1428 visum
1017 1398 1172 1440 gestant
1200 1390 1241 1428 in
1271 1391 1386 1440 plebe
1417 1391 1579 1439 figuram

515 1458 762 1503 Sanctorum,
794 1464 853 1494 set
882 1455 922 1493 in
951 1457 1028 1495 hoc
1058 1458 1190 1506 regula
1219 1469 1312 1506 sepe
1341 1455 1457 1494 cadit.

516 1522 663 1560 Subtus
693 1521 843 1560 habent
871 1529 998 1559 vestes
1029 1522 1149 1568 albas,
1181 1529 1239 1559 set
1269 1522 1438 1571 desuper
1467 1520 1570 1571 ipsas

516 1587 638 1637 Nigra
667 1586 891 1637 superficies
921 1586 1093 1625 candida
1122 1599 1279 1636 queque
1309 1585 1403 1636 tegit
1419 1601 1429 1633 3

515 1655 640 1691 Actus
669 1661 708 1692 et
737 1661 898 1692 econtra
926 1666 967 1691 se
997 1653 1284 1692 demonstrabit
1313 1666 1461 1699 eorum,

516 1718 688 1768 Fingunt
716 1719 806 1757 alba
834 1718 938 1765 foris,
970 1718 1078 1768 nigra
1108 1726 1166 1757 set
1195 1718 1300 1756 intus
1329 1725 1461 1768 agunt.

515 1784 609 1822 Non
630 1783 686 1822 sic
706 1783 797 1822 dico
818 1791 951 1822 tamen
972 1783 1058 1830 hiis,
1081 1783 1162 1833 qui
1182 1797 1264 1822 sua
1284 1785 1494 1822 claustra
1513 1784 1823 1833 frequentant

513 1850 579 1887 Ad
609 1850 985 1899 contemplandum
1015 1848 1265 1899 simplicitate
1294 1862 1390 1887 sua:

514 1914 679 1953 Talibus
707 1914 831 1953 immo
860 1916 1011 1964 loquor,
1043 1914 1187 1965 quibus
1216 1922 1275 1953 est
1304 1922 1497 1953 scrutatus
1526 1914 1576 1953 ab
1605 1914 1704 1952 infra

516 1981 706 2027 Mundus,
739 1987 777 2019 et
806 1979 974 2019 exterius
1003 1979 1125 2018 celica
1154 1979 1264 2031 signa
1292 1988 1442 2030 gerunt.
1814 1995 1879 2028 370

455 2129 533 2164 Hic
561 2130 746 2174 loquitur
773 2131 954 2174 qualiter
982 2131 1168 2174 religiosi
1196 2131 1307 2166 male
1333 2131 1527 2166 viuentes
1557 2131 1750 2166 omnibus
1783 2130 1880 2166 aliis

409 2188 730 2232 quibuscumque
746 2189 985 2223 hominibus
1000 2189 1277 2224 infelicissimi
1297 2190 1499 2224 existunt.

285 2268 416 2319 Capm.
437 2267 485 2307 ix.
573 2268 728 2307 Estimo
756 2271 980 2308 claustrales
1009 2269 1132 2319 magis
1161 2269 1384 2308 infelicibus
1413 2269 1519 2308 horis

516 2336 590 2372 Pre
619 2334 777 2384 reliquis
807 2335 926 2381 nasci,
959 2334 1036 2373 sint
1065 2334 1139 2372 nisi
1168 2336 1267 2373 forte
1296 2334 1418 2373 boni:

518 2401 677 2438 Mundo
706 2413 799 2437 nam
829 2401 1050 2438 monachus
1080 2399 1243 2437 moritur
1271 2399 1444 2438 viuendo
1474 2401 1683 2449 professus,

517 2465 639 2514 Quod
669 2464 806 2514 nequit
835 2464 875 2502 in
906 2465 1068 2511 mundo,
1101 2464 1156 2503 sic
1185 2466 1290 2503 velut
1319 2466 1415 2503 alter
1443 2466 1577 2512 homo,

518 2529 698 2568 Exterius
727 2531 898 2580 gaudere
927 2529 1053 2577 bonis,
1084 2537 1122 2568 et
1152 2529 1183 2567 si
1213 2529 1309 2579 quid
1337 2530 1389 2567 ab
1418 2529 1522 2568 intus

518 2594 576 2632 Sit
605 2594 772 2644 cupidus
803 2595 953 2642 mundi,
985 2594 1113 2645 perdit
1141 2608 1283 2632 amena
1311 2594 1402 2644 poli.

518 2659 581 2697 Sic
611 2673 684 2697 nec
714 2668 937 2710 presentem
966 2659 1086 2698 vitam
1115 2673 1189 2698 nec
1218 2660 1363 2698 habere
1392 2661 1563 2698 futuram

519 2725 686 2763 Constat
715 2738 818 2772 eum,
850 2739 930 2775 quo
959 2724 1019 2763 bis
1049 2732 1107 2763 est
1137 2724 1253 2763 miser
1282 2724 1365 2775 ipse
1395 2725 1541 2775 magis:

520 2791 703 2827 Mortuus
733 2791 807 2828 hac
837 2790 916 2828 vita
944 2789 1117 2837 moritur,
1149 2791 1246 2829 dum
1276 2798 1402 2828 morte
1432 2791 1607 2829 secunda

520 2854 752 2904 Computet
781 2855 970 2894 amissum
1001 2864 1158 2906 tempus
1188 2863 1396 2906 Vtrumque
1426 2869 1554 2894 suum.
1813 2863 1880 2903 380
