2095 3173
441 198 522 234 206

909 195 1040 236 VOX
1083 196 1441 238 CLAMANTlS

550 303 713 351 Semper
743 302 781 339 in
811 302 960 339 incerta
987 302 1139 339 varians
1169 302 1242 339 sub
1272 303 1453 352 ymagine
1483 304 1637 349 mentis,

550 368 669 405 Nunc
699 368 803 405 leuat
833 367 994 404 interius
1024 367 1224 416 cordaque
1252 375 1379 405 versat
1407 380 1543 406 amor:

550 434 680 472 Cecus
709 444 819 470 amor
847 432 976 469 fatuos
1005 444 1122 469 cecos
1152 431 1208 469 sic
1236 432 1347 471 ducit
1375 440 1566 480 amantes,

550 498 672 546 Quod
702 497 774 534 sibi
807 496 904 545 quid
933 497 1073 534 deceat
1103 509 1183 534 non
1213 498 1320 535 videt
1350 498 1448 535 vllus
1478 511 1625 536 amans.

552 564 730 611 Impetus
760 562 799 598 in
829 562 938 609 furia,
970 562 1045 607 dic,
1079 562 1175 611 quid
1206 575 1286 600 non
1317 563 1438 601 audet
1467 564 1640 601 amoris?

554 629 661 665 Dum
692 628 771 665 sitit
801 628 1016 676 amplexus,
1047 628 1119 665 scit
1150 628 1269 665 nichil
1300 629 1405 666 vnde
1435 629 1574 676 timet;

551 694 645 730 Non
675 693 856 730 frondem
887 693 995 730 siluis
1026 705 1100 731 ηερ
1128 701 1265 743 aperto
1293 695 1470 744 gramina
1500 707 1641 744 campo

551 758 701 803 Mollia,
736 770 809 796 nec
839 758 958 807 pleno
987 758 1151 796 flumine
1180 759 1303 797 cernit
1332 772 1483 808 aquas;

552 825 684 862 Immo
714 824 825 873 quasi
855 836 972 861 cecus
1002 824 1058 861 sic
1086 825 1312 871 commoda,
1344 825 1399 862 sic
1430 824 1503 862 sibi
1534 825 1720 874 dampna,

552 890 731 938 Impetus
760 896 800 926 vt
830 895 1007 927 mentem
1037 890 1142 939 cogit
1171 902 1314 937 amare,
1346 890 1451 929 facit.

552 955 646 993 Non
677 955 790 1003 polus
819 961 885 991 aut
915 955 1040 1001 tellus,
1072 955 1270 1002 Acheron,
1302 968 1420 1002 mare,
1452 956 1571 1005 sydus
1601 962 1639 994 et
1669 955 1791 1002 ether,

551 1021 722 1058 Possunt
752 1020 787 1056 vi
818 1020 943 1068 ceptis
974 1020 1091 1058 rebus
1120 1020 1263 1059 obesse
1293 1021 1395 1066 suis;

550 1086 653 1134 Sepe
682 1085 810 1123 ferens
839 1085 1019 1134 ymbrem
1048 1086 1183 1124 celesti
1213 1086 1321 1124 nube
1351 1087 1523 1124 solutum

552 1151 732 1200 Frigidus
762 1151 801 1187 in
833 1150 940 1188 nuda
970 1163 1063 1200 sepe
1092 1150 1236 1189 iacebit
1265 1151 1413 1189 humo:

552 1217 643 1254 Nox
673 1223 711 1254 et
739 1228 876 1265 yemps
907 1216 1104 1265 longeque
1134 1216 1194 1254 vie
1224 1218 1388 1266 seuique
1417 1217 1573 1255 dolores

551 1282 650 1320 Sunt
679 1294 725 1319 ea
755 1293 834 1330 que
863 1281 978 1319 fatuis
1008 1283 1157 1330 premia
1187 1290 1333 1331 prestat
1363 1295 1484 1321 amor.

550 1348 756 1384 Murmura
786 1352 883 1396 quot
913 1347 1046 1393 seruis,
1079 1354 1136 1385 tot
1166 1354 1258 1385 sunt
1288 1348 1327 1385 in
1357 1360 1492 1386 amore
1522 1348 1692 1394 dolores,

552 1413 652 1451 Sunt
682 1412 787 1449 furor
815 1418 854 1449 et
883 1412 1007 1461 pietas
1037 1413 1120 1450 eius
1151 1413 1189 1449 in
1220 1413 1316 1451 orbe
1345 1425 1484 1462 pares3

553 1478 680 1516 Sentit
709 1489 847 1514 amans
877 1478 1061 1526 dampna,
1093 1478 1249 1516 feruens
1278 1485 1410 1516 tamen
1440 1485 1540 1516 astat
1569 1479 1609 1516 in
1639 1479 1724 1525 illis,

554 1543 764 1581 Materiam
794 1555 896 1591 pene
927 1543 1257 1593 prosequiturque
1287 1556 1368 1582 sue.

608 1608 656 1654 O,
687 1608 780 1656 quia
810 1621 879 1657 per
908 1608 1035 1646 nullas
1064 1621 1176 1646 amor
1204 1615 1263 1647 est
1291 1609 1538 1648 medicabilis
1569 1609 1723 1656 herbas,

554 1673 641 1711 Nec
670 1673 726 1711 vis
756 1685 830 1711 nec
861 1686 998 1711 sensus
1028 1674 1162 1723 effugit
1191 1674 1275 1712 eius
1304 1687 1431 1722 onus;

555 1738 698 1776 Nullus
727 1737 778 1776 ab
807 1738 945 1776 innato
974 1739 1076 1776 valet
1107 1739 1183 1776 hoc
1213 1740 1381 1777 evadere
1410 1739 1562 1786 morbo,

553 1804 611 1842 Sit
642 1803 715 1841 nisi
747 1804 858 1853 quod
887 1805 970 1842 sola
999 1805 1128 1853 gracia
1157 1811 1267 1843 curet
1297 1817 1400 1842 eum.

555 1869 592 1907 O
623 1875 761 1906 natura
790 1869 860 1906 viri
890 1882 1010 1919 quam
1040 1869 1088 1907 sit
1117 1870 1258 1919 grauis,
1289 1870 1397 1908 unde
1426 1878 1609 1908 coactum

555 1934 652 1972 Eius
681 1934 732 1971 ad
762 1934 963 1972 interitum
992 1935 1098 1984 cogit
1126 1947 1258 1973 amare
1287 1935 1436 1973 virum!

555 1999 593 2038 O
623 2006 761 2036 natura
790 1999 871 2046 viri,
904 2000 1048 2049 poterit
1077 2012 1197 2049 quam
1227 2001 1365 2038 tollere
1394 2013 1525 2047 nemo,

555 2066 642 2103 Nec
672 2072 804 2103 tamen
835 2073 995 2103 excusat
1024 2066 1134 2114 quod
1164 2066 1256 2104 facit
1286 2067 1370 2116 ipsa
1399 2067 1570 2105 malum!

556 2130 593 2168 O
623 2136 761 2167 natura
790 2130 871 2176 viri,
904 2131 986 2168 duo
1015 2143 1093 2179 que
1122 2132 1317 2169 contraria
1346 2132 1467 2169 mixta

556 2195 758 2240 Continet,
789 2194 997 2233 amborum
1028 2208 1101 2233 ηερ
1130 2196 1221 2233 licet
1249 2202 1338 2233 acta
1366 2197 1500 2245 sequi!

556 2260 666 2298 Bella
696 2260 893 2308 pudicicie
922 2261 1050 2298 carnis
1081 2268 1216 2298 mouet
1246 2261 1311 2298 illa
1341 2262 1519 2310 voluptas
1536 2275 1546 2309 ς

556 2326 648 2373 Que
678 2325 753 2363 sibi
783 2326 865 2363 vult
893 2338 1047 2374 corpus,
1079 2326 1235 2374 spiritus
1265 2326 1330 2363 illa
1358 2333 1475 2365 vetat.

557 2390 594 2428 O
616 2398 753 2428 natura
781 2390 863 2436 viri,
895 2403 972 2440 que
1003 2397 1205 2428 naturatur
1233 2391 1392 2438 eodem,

557 2455 680 2503 Quod
710 2456 830 2493 vitare
860 2457 1010 2505 nequit,
1041 2468 1116 2494 nec
1145 2456 1236 2494 licet
1265 2456 1362 2494 illud
1390 2457 1478 2505 agi!

557 2520 595 2558 O
624 2527 762 2558 natura
791 2521 871 2568 viri,
903 2521 1045 2571 fragilis
1075 2533 1153 2570 que
1181 2520 1261 2558 vim
1290 2521 1458 2559 racionis

559 2585 730 2632 Dirimit‚
762 2592 802 2624 et
831 2586 935 2624 bruti
965 2587 1114 2624 crimen
1144 2586 1195 2624 ad
1225 2586 1346 2623 instar
1374 2586 1520 2625 habet!

559 2650 626 2688 Nil
655 2658 820 2700 prosunt
848 2659 960 2699 artes,
992 2653 1082 2690 furit
1110 2651 1388 2690 inmedicabile
1416 2653 1558 2691 vulnus
1572 2666 1583 2700 3

558 2715 616 2753 Sit
643 2728 735 2753 cum
765 2717 852 2765 plus
883 2718 1050 2766 sapiens,
1080 2718 1138 2755 vir
1165 2717 1255 2754 furit
1284 2716 1377 2755 inde
1405 2718 1554 2767 magis;

558 2780 679 2830 Sique
709 2793 821 2820 suam
850 2783 965 2821 vellet
993 2783 1192 2821 flammam
1221 2794 1475 2831 compescere
1503 2783 1724 2833 quisquam,

1072 2858 1135 2889 180
1159 2857 1261 2888 Molia
1279 2856 1303 2888 S

1854 766 1914 795 180

1854 1429 1915 1460 190

1854 2082 1917 2104 200

1853 2733 1917 2754 210
