<?xml version="1.0" encoding="UTF-8"?>
<!DOCTYPE html PUBLIC "-//W3C//DTD XHTML 1.0 Transitional//EN"
    "http://www.w3.org/TR/xhtml1/DTD/xhtml1-transitional.dtd">
<html xmlns="http://www.w3.org/1999/xhtml" xml:lang="en" lang="en">
 <head>
  <title>
</title>
<meta http-equiv="Content-Type" content="text/html;charset=utf-8" />
  <meta name='ocr-system' content='tesseract 3.04.00' />
  <meta name='ocr-capabilities' content='ocr_page ocr_carea ocr_par ocr_line ocrx_word'/>
</head>
<body>
  <div class='ocr_page' id='page_1' title='image "./completeworksofj04gowe_0215.png"; bbox 0 0 2095 3173; ppageno 0'>
   <div class='ocr_carea' id='block_1_1' title="bbox 631 226 1132 268">
    <p class='ocr_par' dir='ltr' id='par_1_1' title="bbox 631 226 1132 268">
     <span class='ocr_line' id='line_1_1' title="bbox 631 226 1132 268; baseline 0 0"><span class='ocrx_word' id='word_1_1' title='bbox 631 227 819 268; x_wconf 87' lang='lat' dir='ltr'>LIBER</span> <span class='ocrx_word' id='word_1_2' title='bbox 858 226 1044 268; x_wconf 89' lang='lat' dir='ltr'><strong>TERCI</strong></span> <span class='ocrx_word' id='word_1_3' title='bbox 1057 226 1132 268; x_wconf 89' lang='lat' dir='ltr'>US</span> 
     </span>
    </p>
   </div>
   <div class='ocr_carea' id='block_1_2' title="bbox 252 333 1332 838">
    <p class='ocr_par' dir='ltr' id='par_1_2' title="bbox 256 333 1231 448">
     <span class='ocr_line' id='line_1_2' title="bbox 257 333 1231 379; baseline -0.003 -6"><span class='ocrx_word' id='word_1_4' title='bbox 257 335 351 373; x_wconf 93' lang='lat' dir='ltr'>Non</span> <span class='ocrx_word' id='word_1_5' title='bbox 380 334 484 373; x_wconf 91' lang='lat' dir='ltr'>bene</span> <span class='ocrx_word' id='word_1_6' title='bbox 514 334 760 372; x_wconf 89' lang='lat' dir='ltr'>conueniunt</span> <span class='ocrx_word' id='word_1_7' title='bbox 788 334 896 372; x_wconf 89' lang='lat' dir='ltr'>laicis</span> <span class='ocrx_word' id='word_1_8' title='bbox 925 334 1098 372; x_wconf 84' lang='lat' dir='ltr'>misteria</span> <span class='ocrx_word' id='word_1_9' title='bbox 1126 333 1231 379; x_wconf 88' lang='lat' dir='ltr'>cleri,</span> 
     </span>
     <span class='ocr_line' id='line_1_3' title="bbox 256 399 1096 448; baseline -0.001 -11"><span class='ocrx_word' id='word_1_10' title='bbox 256 400 342 437; x_wconf 93' lang='lat' dir='ltr'>Nec</span> <span class='ocrx_word' id='word_1_11' title='bbox 371 400 475 438; x_wconf 87' lang='lat' dir='ltr'>clero</span> <span class='ocrx_word' id='word_1_12' title='bbox 505 399 592 437; x_wconf 85' lang='lat' dir='ltr'>laici</span> <span class='ocrx_word' id='word_1_13' title='bbox 621 399 809 437; x_wconf 86' lang='lat' dir='ltr'>conuenit</span> <span class='ocrx_word' id='word_1_14' title='bbox 838 411 945 437; x_wconf 90' lang='lat' dir='ltr'>arma</span> <span class='ocrx_word' id='word_1_15' title='bbox 974 400 1096 448; x_wconf 89' lang='lat' dir='ltr'>sequi.</span> 
     </span>
    </p>

    <p class='ocr_par' dir='ltr' id='par_1_3' title="bbox 252 460 1310 707">
     <span class='ocr_line' id='line_1_4' title="bbox 308 460 1310 513; baseline -0.001 -11"><span class='ocrx_word' id='word_1_16' title='bbox 308 465 418 502; x_wconf 87' lang='lat' dir='ltr'>Bella</span> <span class='ocrx_word' id='word_1_17' title='bbox 447 471 581 513; x_wconf 82' lang='lat' dir='ltr'><strong>gerant</strong></span> <span class='ocrx_word' id='word_1_18' title='bbox 610 464 685 512; x_wconf 88' lang='lat' dir='ltr'>alii,</span> <span class='ocrx_word' id='word_1_19' title='bbox 717 460 823 513; x_wconf 84' lang='lat' dir='ltr'>regat</span> <span class='ocrx_word' id='word_1_20' title='bbox 853 471 891 501; x_wconf 92' lang='lat' dir='ltr'>et</span> <span class='ocrx_word' id='word_1_21' title='bbox 919 464 1121 513; x_wconf 82' lang='lat' dir='ltr'>paciencia</span> <span class='ocrx_word' id='word_1_22' title='bbox 1150 463 1310 511; x_wconf 91' lang='lat' dir='ltr'>clerum,</span> 
     </span>
     <span class='ocr_line' id='line_1_5' title="bbox 255 529 1235 578; baseline 0.001 -12"><span class='ocrx_word' id='word_1_23' title='bbox 255 530 417 578; x_wconf 83' lang='lat' dir='ltr'>Quique</span> <span class='ocrx_word' id='word_1_24' title='bbox 446 529 551 566; x_wconf 89' lang='lat' dir='ltr'>tubis</span> <span class='ocrx_word' id='word_1_25' title='bbox 581 535 778 576; x_wconf 89' lang='lat' dir='ltr'>resonant,</span> <span class='ocrx_word' id='word_1_26' title='bbox 810 541 883 566; x_wconf 91' lang='lat' dir='ltr'>nos</span> <span class='ocrx_word' id='word_1_27' title='bbox 912 529 1081 567; x_wconf 80' lang='lat' dir='ltr'>tacuisse</span> <span class='ocrx_word' id='word_1_28' title='bbox 1110 529 1235 568; x_wconf 86' lang='lat' dir='ltr'>decet.</span> 
     </span>
     <span class='ocr_line' id='line_1_6' title="bbox 254 594 1186 642; baseline 0 -11"><span class='ocrx_word' id='word_1_29' title='bbox 254 596 348 642; x_wconf 87' lang='lat' dir='ltr'>Quo</span> <span class='ocrx_word' id='word_1_30' title='bbox 377 594 502 631; x_wconf 86' lang='lat' dir='ltr'>leuius</span> <span class='ocrx_word' id='word_1_31' title='bbox 532 594 648 631; x_wconf 91' lang='lat' dir='ltr'>cessit</span> <span class='ocrx_word' id='word_1_32' title='bbox 678 594 864 642; x_wconf 84' lang='lat' dir='ltr'>cuiquam</span> <span class='ocrx_word' id='word_1_33' title='bbox 893 594 1054 632; x_wconf 91' lang='lat' dir='ltr'>victoria</span> <span class='ocrx_word' id='word_1_34' title='bbox 1083 594 1186 641; x_wconf 91' lang='lat' dir='ltr'>belli,</span> 
     </span>
     <span class='ocr_line' id='line_1_7' title="bbox 252 659 981 707; baseline 0.003 -12"><span class='ocrx_word' id='word_1_35' title='bbox 252 659 424 697; x_wconf 87' lang='lat' dir='ltr'>Victoris</span> <span class='ocrx_word' id='word_1_36' title='bbox 454 664 564 696; x_wconf 85' lang='lat' dir='ltr'>tanto</span> <span class='ocrx_word' id='word_1_37' title='bbox 592 659 714 707; x_wconf 85' lang='lat' dir='ltr'>gloria</span> <span class='ocrx_word' id='word_1_38' title='bbox 744 659 868 696; x_wconf 84' lang='lat' dir='ltr'>maior</span> <span class='ocrx_word' id='word_1_39' title='bbox 897 659 981 697; x_wconf 88' lang='lat' dir='ltr'>erit.</span> 
     </span>
    </p>

    <p class='ocr_par' dir='ltr' id='par_1_4' title="bbox 253 723 1332 838">
     <span class='ocr_line' id='line_1_8' title="bbox 254 723 1332 774; baseline 0 -12"><span class='ocrx_word' id='word_1_40' title='bbox 254 725 348 762; x_wconf 90' lang='lat' dir='ltr'>Non</span> <span class='ocrx_word' id='word_1_41' title='bbox 377 724 464 770; x_wconf 90' lang='lat' dir='ltr'>hiis,</span> <span class='ocrx_word' id='word_1_42' title='bbox 496 723 563 773; x_wconf 90' lang='lat' dir='ltr'>qui</span> <span class='ocrx_word' id='word_1_43' title='bbox 593 729 778 772; x_wconf 87' lang='lat' dir='ltr'>poterunt</span> <span class='ocrx_word' id='word_1_44' title='bbox 807 736 853 762; x_wconf 86' lang='lat' dir='ltr'>ex</span> <span class='ocrx_word' id='word_1_45' title='bbox 882 723 1003 762; x_wconf 91' lang='lat' dir='ltr'>verbo</span> <span class='ocrx_word' id='word_1_46' title='bbox 1032 731 1174 762; x_wconf 86' lang='lat' dir='ltr'>cuncta</span> <span class='ocrx_word' id='word_1_47' title='bbox 1203 725 1332 774; x_wconf 85' lang='lat' dir='ltr'>ligare,</span> 
     </span>
     <span class='ocr_line' id='line_1_9' title="bbox 253 789 1276 838; baseline 0.001 -11"><span class='ocrx_word' id='word_1_48' title='bbox 253 789 425 838; x_wconf 83' lang='lat' dir='ltr'>Expedit</span> <span class='ocrx_word' id='word_1_49' title='bbox 454 795 493 826; x_wconf 92' lang='lat' dir='ltr'>vt</span> <span class='ocrx_word' id='word_1_50' title='bbox 523 795 674 837; x_wconf 89' lang='lat' dir='ltr'>ponant</span> <span class='ocrx_word' id='word_1_51' title='bbox 703 789 1082 838; x_wconf 81' lang='lat' dir='ltr'>quomodocumque</span> <span class='ocrx_word' id='word_1_52' title='bbox 1112 802 1276 828; x_wconf 85' lang='lat' dir='ltr'>manus:</span> 
     </span>
    </p>
   </div>
   <div class='ocr_carea' id='block_1_3' title="bbox 254 854 1432 905">
    <p class='ocr_par' dir='ltr' id='par_1_5' title="bbox 254 854 1432 905">
     <span class='ocr_line' id='line_1_10' title="bbox 254 854 1432 905; baseline 0.001 -13"><span class='ocrx_word' id='word_1_53' title='bbox 254 855 348 892; x_wconf 92' lang='lat' dir='ltr'>Non</span> <span class='ocrx_word' id='word_1_54' title='bbox 379 866 479 903; x_wconf 88' lang='lat' dir='ltr'>opus</span> <span class='ocrx_word' id='word_1_55' title='bbox 509 860 567 891; x_wconf 86' lang='lat' dir='ltr'>est</span> <span class='ocrx_word' id='word_1_56' title='bbox 596 854 724 901; x_wconf 89' lang='lat' dir='ltr'>armis,</span> <span class='ocrx_word' id='word_1_57' title='bbox 756 854 822 892; x_wconf 92' lang='lat' dir='ltr'>vbi</span> <span class='ocrx_word' id='word_1_58' title='bbox 851 867 926 892; x_wconf 84' lang='lat' dir='ltr'>vox</span> <span class='ocrx_word' id='word_1_59' title='bbox 956 854 1166 893; x_wconf 84' lang='lat' dir='ltr'>benedicta</span> <span class='ocrx_word' id='word_1_60' title='bbox 1194 855 1432 905; x_wconf 82' lang='lat' dir='ltr'>triumphat3</span> 
     </span>
    </p>
   </div>
   <div class='ocr_carea' id='block_1_4' title="bbox 250 918 1409 2856">
    <p class='ocr_par' dir='ltr' id='par_1_6' title="bbox 250 918 1409 2010">
     <span class='ocr_line' id='line_1_11' title="bbox 255 918 1245 968; baseline 0.002 -13"><span class='ocrx_word' id='word_1_61' title='bbox 255 919 336 967; x_wconf 87' lang='lat' dir='ltr'>Qui</span> <span class='ocrx_word' id='word_1_62' title='bbox 365 919 486 956; x_wconf 90' lang='lat' dir='ltr'>vincit</span> <span class='ocrx_word' id='word_1_63' title='bbox 516 918 710 968; x_wconf 87' lang='lat' dir='ltr'>precibus,</span> <span class='ocrx_word' id='word_1_64' title='bbox 742 925 801 957; x_wconf 90' lang='lat' dir='ltr'>est</span> <span class='ocrx_word' id='word_1_65' title='bbox 830 919 905 957; x_wconf 84' lang='lat' dir='ltr'>sibi</span> <span class='ocrx_word' id='word_1_66' title='bbox 933 931 1071 968; x_wconf 86' lang='lat' dir='ltr'>guerra</span> <span class='ocrx_word' id='word_1_67' title='bbox 1100 920 1245 958; x_wconf 85' lang='lat' dir='ltr'>nichil:</span> 
     </span>
     <span class='ocr_line' id='line_1_12' title="bbox 254 983 1336 1033; baseline 0 -12"><span class='ocrx_word' id='word_1_68' title='bbox 254 985 386 1032; x_wconf 81' lang='lat' dir='ltr'>Quem</span> <span class='ocrx_word' id='word_1_69' title='bbox 417 984 515 1022; x_wconf 93' lang='lat' dir='ltr'>deus</span> <span class='ocrx_word' id='word_1_70' title='bbox 545 983 584 1020; x_wconf 93' lang='lat' dir='ltr'>in</span> <span class='ocrx_word' id='word_1_71' title='bbox 615 990 725 1021; x_wconf 84' lang='lat' dir='ltr'>tanto</span> <span class='ocrx_word' id='word_1_72' title='bbox 754 984 953 1033; x_wconf 89' lang='lat' dir='ltr'>promouit</span> <span class='ocrx_word' id='word_1_73' title='bbox 982 997 1145 1022; x_wconf 90' lang='lat' dir='ltr'>munere</span> <span class='ocrx_word' id='word_1_74' title='bbox 1173 985 1336 1032; x_wconf 92' lang='lat' dir='ltr'>clerum,</span> 
     </span>
     <span class='ocr_line' id='line_1_13' title="bbox 253 1049 1206 1098; baseline 0.001 -11"><span class='ocrx_word' id='word_1_75' title='bbox 253 1050 501 1098; x_wconf 87' lang='lat' dir='ltr'>Sollempnes</span> <span class='ocrx_word' id='word_1_76' title='bbox 531 1049 623 1086; x_wconf 89' lang='lat' dir='ltr'>satis</span> <span class='ocrx_word' id='word_1_77' title='bbox 653 1055 711 1087; x_wconf 93' lang='lat' dir='ltr'>est</span> <span class='ocrx_word' id='word_1_78' title='bbox 739 1062 837 1087; x_wconf 90' lang='lat' dir='ltr'>voce</span> <span class='ocrx_word' id='word_1_79' title='bbox 866 1062 1029 1087; x_wconf 90' lang='lat' dir='ltr'>mouere</span> <span class='ocrx_word' id='word_1_80' title='bbox 1058 1062 1206 1098; x_wconf 82' lang='lat' dir='ltr'>preces,</span> 
     </span>
     <span class='ocr_line' id='line_1_14' title="bbox 254 1114 1349 1164; baseline 0 -12"><span class='ocrx_word' id='word_1_81' title='bbox 254 1115 335 1163; x_wconf 85' lang='lat' dir='ltr'>Qui</span> <span class='ocrx_word' id='word_1_82' title='bbox 365 1114 439 1153; x_wconf 87' lang='lat' dir='ltr'>sibi</span> <span class='ocrx_word' id='word_1_83' title='bbox 468 1114 551 1152; x_wconf 91' lang='lat' dir='ltr'>vult</span> <span class='ocrx_word' id='word_1_84' title='bbox 581 1126 730 1163; x_wconf 82' lang='lat' dir='ltr'>pacem,</span> <span class='ocrx_word' id='word_1_85' title='bbox 762 1114 922 1163; x_wconf 85' lang='lat' dir='ltr'>paciens</span> <span class='ocrx_word' id='word_1_86' title='bbox 952 1114 992 1151; x_wconf 92' lang='lat' dir='ltr'>in</span> <span class='ocrx_word' id='word_1_87' title='bbox 1021 1126 1118 1163; x_wconf 87' lang='lat' dir='ltr'>pace</span> <span class='ocrx_word' id='word_1_88' title='bbox 1148 1115 1349 1164; x_wconf 84' lang='lat' dir='ltr'>quiescat3</span> 
     </span>
     <span class='ocr_line' id='line_1_15' title="bbox 254 1179 1409 1229; baseline 0.001 -12"><span class='ocrx_word' id='word_1_89' title='bbox 254 1180 348 1218; x_wconf 93' lang='lat' dir='ltr'>Non</span> <span class='ocrx_word' id='word_1_90' title='bbox 378 1186 513 1229; x_wconf 83' lang='lat' dir='ltr'>grauat</span> <span class='ocrx_word' id='word_1_91' title='bbox 543 1180 649 1216; x_wconf 89' lang='lat' dir='ltr'>hunc</span> <span class='ocrx_word' id='word_1_92' title='bbox 678 1179 852 1216; x_wconf 91' lang='lat' dir='ltr'>mundus</span> <span class='ocrx_word' id='word_1_93' title='bbox 882 1191 1002 1228; x_wconf 88' lang='lat' dir='ltr'>quem</span> <span class='ocrx_word' id='word_1_94' title='bbox 1032 1180 1140 1217; x_wconf 90' lang='lat' dir='ltr'>iuuat</span> <span class='ocrx_word' id='word_1_95' title='bbox 1171 1180 1255 1228; x_wconf 90' lang='lat' dir='ltr'>ipse</span> <span class='ocrx_word' id='word_1_96' title='bbox 1284 1179 1409 1218; x_wconf 90' lang='lat' dir='ltr'>deus:</span> 
     </span>
     <span class='ocr_line' id='line_1_16' title="bbox 254 1243 1235 1294; baseline 0 -11"><span class='ocrx_word' id='word_1_97' title='bbox 254 1246 348 1293; x_wconf 85' lang='lat' dir='ltr'>Quo</span> <span class='ocrx_word' id='word_1_98' title='bbox 377 1257 469 1283; x_wconf 87' lang='lat' dir='ltr'>casu</span> <span class='ocrx_word' id='word_1_99' title='bbox 500 1245 641 1294; x_wconf 90' lang='lat' dir='ltr'>queris,</span> <span class='ocrx_word' id='word_1_100' title='bbox 672 1244 743 1282; x_wconf 91' lang='lat' dir='ltr'>tibi</span> <span class='ocrx_word' id='word_1_101' title='bbox 773 1243 1014 1293; x_wconf 80' lang='lat' dir='ltr'>respondere</span> <span class='ocrx_word' id='word_1_102' title='bbox 1042 1244 1235 1283; x_wconf 86' lang='lat' dir='ltr'>tenebor:</span> 
     </span>
     <span class='ocr_line' id='line_1_17' title="bbox 253 1309 1061 1358; baseline -0.002 -10"><span class='ocrx_word' id='word_1_103' title='bbox 253 1310 332 1358; x_wconf 84' lang='lat' dir='ltr'>Qui</span> <span class='ocrx_word' id='word_1_104' title='bbox 362 1309 528 1348; x_wconf 85' lang='lat' dir='ltr'>bellator</span> <span class='ocrx_word' id='word_1_105' title='bbox 556 1310 638 1356; x_wconf 89' lang='lat' dir='ltr'>erit,</span> <span class='ocrx_word' id='word_1_106' title='bbox 670 1309 774 1347; x_wconf 89' lang='lat' dir='ltr'>bella</span> <span class='ocrx_word' id='word_1_107' title='bbox 802 1316 987 1358; x_wconf 87' lang='lat' dir='ltr'>parantur</span> <span class='ocrx_word' id='word_1_108' title='bbox 1015 1310 1061 1347; x_wconf 93' lang='lat' dir='ltr'>ei.</span> 
     </span>
     <span class='ocr_line' id='line_1_18' title="bbox 253 1374 1237 1424; baseline -0.001 -10"><span class='ocrx_word' id='word_1_109' title='bbox 253 1375 290 1414; x_wconf 91' lang='lat' dir='ltr'>O</span> <span class='ocrx_word' id='word_1_110' title='bbox 320 1388 440 1424; x_wconf 87' lang='lat' dir='ltr'>quam</span> <span class='ocrx_word' id='word_1_111' title='bbox 469 1375 659 1424; x_wconf 88' lang='lat' dir='ltr'>perduros</span> <span class='ocrx_word' id='word_1_112' title='bbox 689 1374 809 1412; x_wconf 91' lang='lat' dir='ltr'>habet</span> <span class='ocrx_word' id='word_1_113' title='bbox 838 1374 1097 1424; x_wconf 88' lang='lat' dir='ltr'>impaciencia</span> <span class='ocrx_word' id='word_1_114' title='bbox 1127 1375 1237 1422; x_wconf 89' lang='lat' dir='ltr'>fines,</span> 
     </span>
     <span class='ocr_line' id='line_1_19' title="bbox 250 1439 1129 1489; baseline 0.002 -13"><span class='ocrx_word' id='word_1_115' title='bbox 250 1441 371 1478; x_wconf 86' lang='lat' dir='ltr'>Vnde</span> <span class='ocrx_word' id='word_1_116' title='bbox 400 1440 499 1478; x_wconf 86' lang='lat' dir='ltr'>solet</span> <span class='ocrx_word' id='word_1_117' title='bbox 528 1451 691 1489; x_wconf 90' lang='lat' dir='ltr'>preceps</span> <span class='ocrx_word' id='word_1_118' title='bbox 721 1439 846 1477; x_wconf 86' lang='lat' dir='ltr'>exitus</span> <span class='ocrx_word' id='word_1_119' title='bbox 875 1451 962 1477; x_wconf 91' lang='lat' dir='ltr'>esse</span> <span class='ocrx_word' id='word_1_120' title='bbox 990 1440 1129 1489; x_wconf 85' lang='lat' dir='ltr'>grauis.</span> 
     </span>
     <span class='ocr_line' id='line_1_20' title="bbox 254 1505 1342 1555; baseline 0.002 -13"><span class='ocrx_word' id='word_1_121' title='bbox 254 1506 445 1555; x_wconf 85' lang='lat' dir='ltr'>Impetus,</span> <span class='ocrx_word' id='word_1_122' title='bbox 476 1512 516 1543; x_wconf 90' lang='lat' dir='ltr'>vt</span> <span class='ocrx_word' id='word_1_123' title='bbox 545 1505 720 1553; x_wconf 83' lang='lat' dir='ltr'>memini,</span> <span class='ocrx_word' id='word_1_124' title='bbox 751 1505 882 1555; x_wconf 85' lang='lat' dir='ltr'>grauis</span> <span class='ocrx_word' id='word_1_125' title='bbox 911 1512 970 1543; x_wconf 89' lang='lat' dir='ltr'>est</span> <span class='ocrx_word' id='word_1_126' title='bbox 1000 1506 1228 1544; x_wconf 88' lang='lat' dir='ltr'>deformiter</span> <span class='ocrx_word' id='word_1_127' title='bbox 1256 1505 1342 1554; x_wconf 88' lang='lat' dir='ltr'>illis,</span> 
     </span>
     <span class='ocr_line' id='line_1_21' title="bbox 253 1571 1174 1620; baseline 0 -11"><span class='ocrx_word' id='word_1_128' title='bbox 253 1571 367 1619; x_wconf 89' lang='lat' dir='ltr'>Quos</span> <span class='ocrx_word' id='word_1_129' title='bbox 397 1572 480 1609; x_wconf 90' lang='lat' dir='ltr'>sine</span> <span class='ocrx_word' id='word_1_130' title='bbox 510 1572 592 1609; x_wconf 89' lang='lat' dir='ltr'>iure</span> <span class='ocrx_word' id='word_1_131' title='bbox 621 1571 686 1610; x_wconf 89' lang='lat' dir='ltr'>dei</span> <span class='ocrx_word' id='word_1_132' title='bbox 715 1571 871 1620; x_wconf 88' lang='lat' dir='ltr'>propria</span> <span class='ocrx_word' id='word_1_133' title='bbox 900 1571 982 1608; x_wconf 89' lang='lat' dir='ltr'>iura</span> <span class='ocrx_word' id='word_1_134' title='bbox 1010 1578 1149 1620; x_wconf 84' lang='lat' dir='ltr'>regunt</span> <span class='ocrx_word' id='word_1_135' title='bbox 1164 1585 1174 1619; x_wconf 80' lang='lat'><em>3</em></span> 
     </span>
     <span class='ocr_line' id='line_1_22' title="bbox 251 1636 1241 1686; baseline 0 -12"><span class='ocrx_word' id='word_1_136' title='bbox 251 1636 459 1686; x_wconf 89' lang='lat' dir='ltr'>Stultaque</span> <span class='ocrx_word' id='word_1_137' title='bbox 487 1637 723 1674; x_wconf 87' lang='lat' dir='ltr'>multociens</span> <span class='ocrx_word' id='word_1_138' title='bbox 753 1636 889 1674; x_wconf 86' lang='lat' dir='ltr'>nocuit</span> <span class='ocrx_word' id='word_1_139' title='bbox 917 1637 1080 1674; x_wconf 85' lang='lat' dir='ltr'>vexacio</span> <span class='ocrx_word' id='word_1_140' title='bbox 1111 1637 1241 1684; x_wconf 89' lang='lat' dir='ltr'>stulto,</span> 
     </span>
     <span class='ocr_line' id='line_1_23' title="bbox 254 1701 1135 1751; baseline 0.002 -13"><span class='ocrx_word' id='word_1_141' title='bbox 254 1701 335 1749; x_wconf 89' lang='lat' dir='ltr'>Qui</span> <span class='ocrx_word' id='word_1_142' title='bbox 365 1702 523 1751; x_wconf 90' lang='lat' dir='ltr'>proprio</span> <span class='ocrx_word' id='word_1_143' title='bbox 551 1702 670 1751; x_wconf 86' lang='lat' dir='ltr'>capiti</span> <span class='ocrx_word' id='word_1_144' title='bbox 699 1702 778 1740; x_wconf 90' lang='lat' dir='ltr'>fine</span> <span class='ocrx_word' id='word_1_145' title='bbox 807 1701 980 1740; x_wconf 87' lang='lat' dir='ltr'>refundit</span> <span class='ocrx_word' id='word_1_146' title='bbox 1009 1714 1135 1740; x_wconf 88' lang='lat' dir='ltr'>onus:</span> 
     </span>
     <span class='ocr_line' id='line_1_24' title="bbox 254 1766 1301 1816; baseline -0.002 -11"><span class='ocrx_word' id='word_1_147' title='bbox 254 1766 438 1815; x_wconf 88' lang='lat' dir='ltr'>Cumque</span> <span class='ocrx_word' id='word_1_148' title='bbox 467 1780 557 1805; x_wconf 88' lang='lat' dir='ltr'>suas</span> <span class='ocrx_word' id='word_1_149' title='bbox 585 1767 685 1805; x_wconf 87' lang='lat' dir='ltr'>vires</span> <span class='ocrx_word' id='word_1_150' title='bbox 706 1767 793 1816; x_wconf 89' lang='lat' dir='ltr'>quis</span> <span class='ocrx_word' id='word_1_151' title='bbox 822 1767 905 1804; x_wconf 89' lang='lat' dir='ltr'>vult</span> <span class='ocrx_word' id='word_1_152' title='bbox 934 1779 1152 1816; x_wconf 87' lang='lat' dir='ltr'>preponere</span> <span class='ocrx_word' id='word_1_153' title='bbox 1184 1766 1301 1806; x_wconf 88' lang='lat' dir='ltr'>Cristi</span> 
     </span>
     <span class='ocr_line' id='line_1_25' title="bbox 253 1831 1110 1878; baseline 0.001 -10"><span class='ocrx_word' id='word_1_154' title='bbox 253 1831 425 1878; x_wconf 87' lang='lat' dir='ltr'>Viribus,</span> <span class='ocrx_word' id='word_1_155' title='bbox 458 1838 496 1869; x_wconf 90' lang='lat' dir='ltr'>et</span> <span class='ocrx_word' id='word_1_156' title='bbox 524 1831 674 1869; x_wconf 91' lang='lat' dir='ltr'>bellurn</span> <span class='ocrx_word' id='word_1_157' title='bbox 703 1832 860 1870; x_wconf 91' lang='lat' dir='ltr'>vincere</span> <span class='ocrx_word' id='word_1_158' title='bbox 889 1832 1012 1870; x_wconf 90' lang='lat' dir='ltr'>credit</span> <span class='ocrx_word' id='word_1_159' title='bbox 1043 1832 1110 1878; x_wconf 90' lang='lat' dir='ltr'>eis,</span> 
     </span>
     <span class='ocr_line' id='line_1_26' title="bbox 254 1895 1183 1945; baseline 0 -11"><span class='ocrx_word' id='word_1_160' title='bbox 254 1897 386 1934; x_wconf 89' lang='lat' dir='ltr'>Tanto</span> <span class='ocrx_word' id='word_1_161' title='bbox 418 1895 586 1934; x_wconf 88' lang='lat' dir='ltr'>debilior</span> <span class='ocrx_word' id='word_1_162' title='bbox 614 1897 694 1943; x_wconf 88' lang='lat' dir='ltr'>erit,</span> <span class='ocrx_word' id='word_1_163' title='bbox 727 1903 766 1934; x_wconf 90' lang='lat' dir='ltr'>et</span> <span class='ocrx_word' id='word_1_164' title='bbox 795 1908 886 1933; x_wconf 92' lang='lat' dir='ltr'>cum</span> <span class='ocrx_word' id='word_1_165' title='bbox 915 1896 971 1933; x_wconf 88' lang='lat' dir='ltr'>sic</span> <span class='ocrx_word' id='word_1_166' title='bbox 1000 1908 1183 1945; x_wconf 90' lang='lat' dir='ltr'>superare</span> 
     </span>
     <span class='ocr_line' id='line_1_27' title="bbox 255 1960 1144 2010; baseline -0.002 -11"><span class='ocrx_word' id='word_1_167' title='bbox 255 1962 306 2000; x_wconf 88' lang='lat' dir='ltr'>Se</span> <span class='ocrx_word' id='word_1_168' title='bbox 335 1967 457 2010; x_wconf 85' lang='lat' dir='ltr'>putat,</span> <span class='ocrx_word' id='word_1_169' title='bbox 490 1973 540 1999; x_wconf 89' lang='lat' dir='ltr'>en</span> <span class='ocrx_word' id='word_1_170' title='bbox 569 1961 695 1999; x_wconf 89' lang='lat' dir='ltr'>victus</span> <span class='ocrx_word' id='word_1_171' title='bbox 725 1960 906 1999; x_wconf 86' lang='lat' dir='ltr'>subditur</span> <span class='ocrx_word' id='word_1_172' title='bbox 934 1961 998 1998; x_wconf 90' lang='lat' dir='ltr'>ille</span> <span class='ocrx_word' id='word_1_173' title='bbox 1027 1960 1144 2009; x_wconf 88' lang='lat' dir='ltr'>prius.</span> 
     </span>
    </p>

    <p class='ocr_par' dir='ltr' id='par_1_7' title="bbox 254 2025 1393 2856">
     <span class='ocr_line' id='line_1_28' title="bbox 307 2025 1329 2075; baseline 0 -13"><span class='ocrx_word' id='word_1_174' title='bbox 307 2027 402 2064; x_wconf 92' lang='lat' dir='ltr'>Vult</span> <span class='ocrx_word' id='word_1_175' title='bbox 432 2027 595 2075; x_wconf 90' lang='lat' dir='ltr'>implere</span> <span class='ocrx_word' id='word_1_176' title='bbox 625 2026 727 2064; x_wconf 86' lang='lat' dir='ltr'>viam</span> <span class='ocrx_word' id='word_1_177' title='bbox 758 2026 931 2073; x_wconf 79' lang='lat' dir='ltr'>Balaam,</span> <span class='ocrx_word' id='word_1_178' title='bbox 964 2032 1022 2063; x_wconf 91' lang='lat' dir='ltr'>set</span> <span class='ocrx_word' id='word_1_179' title='bbox 1052 2025 1139 2063; x_wconf 90' lang='lat' dir='ltr'>trita</span> <span class='ocrx_word' id='word_1_180' title='bbox 1168 2025 1329 2074; x_wconf 87' lang='lat' dir='ltr'>flagellis</span> 
     </span>
     <span class='ocr_line' id='line_1_29' title="bbox 255 2090 1102 2129; baseline -0.002 0"><span class='ocrx_word' id='word_1_181' title='bbox 255 2091 308 2129; x_wconf 82' lang='lat' dir='ltr'>Et</span> <span class='ocrx_word' id='word_1_182' title='bbox 338 2091 472 2129; x_wconf 91' lang='lat' dir='ltr'>diuina</span> <span class='ocrx_word' id='word_1_183' title='bbox 503 2091 641 2129; x_wconf 88' lang='lat' dir='ltr'>videns</span> <span class='ocrx_word' id='word_1_184' title='bbox 670 2091 796 2129; x_wconf 89' lang='lat' dir='ltr'>tardat</span> <span class='ocrx_word' id='word_1_185' title='bbox 824 2091 946 2129; x_wconf 90' lang='lat' dir='ltr'>asella</span> <span class='ocrx_word' id='word_1_186' title='bbox 974 2090 1102 2128; x_wconf 90' lang='lat' dir='ltr'>viam:</span> 
     </span>
     <span class='ocr_line' id='line_1_30' title="bbox 256 2155 1393 2205; baseline -0.001 -11"><span class='ocrx_word' id='word_1_187' title='bbox 256 2156 379 2205; x_wconf 85' lang='lat' dir='ltr'>Quod</span> <span class='ocrx_word' id='word_1_188' title='bbox 409 2156 482 2194; x_wconf 91' lang='lat' dir='ltr'>sibi</span> <span class='ocrx_word' id='word_1_189' title='bbox 513 2157 569 2194; x_wconf 92' lang='lat' dir='ltr'>sic</span> <span class='ocrx_word' id='word_1_190' title='bbox 598 2157 771 2194; x_wconf 85' lang='lat' dir='ltr'>hominis</span> <span class='ocrx_word' id='word_1_191' title='bbox 800 2156 919 2194; x_wconf 84' lang='lat' dir='ltr'>habet</span> <span class='ocrx_word' id='word_1_192' title='bbox 949 2156 1171 2205; x_wconf 87' lang='lat' dir='ltr'>impetuosa</span> <span class='ocrx_word' id='word_1_193' title='bbox 1199 2155 1393 2203; x_wconf 89' lang='lat' dir='ltr'>voluntas,</span> 
     </span>
     <span class='ocr_line' id='line_1_31' title="bbox 255 2222 1091 2271; baseline 0 -12"><span class='ocrx_word' id='word_1_194' title='bbox 255 2223 436 2271; x_wconf 84' lang='lat' dir='ltr'>Denegat</span> <span class='ocrx_word' id='word_1_195' title='bbox 465 2223 626 2260; x_wconf 84' lang='lat' dir='ltr'>effectus</span> <span class='ocrx_word' id='word_1_196' title='bbox 656 2222 950 2260; x_wconf 89' lang='lat' dir='ltr'>commoditatis</span> <span class='ocrx_word' id='word_1_197' title='bbox 979 2233 1091 2271; x_wconf 87' lang='lat' dir='ltr'>opus.</span> 
     </span>
     <span class='ocr_line' id='line_1_32' title="bbox 255 2286 1242 2335; baseline -0.002 -10"><span class='ocrx_word' id='word_1_198' title='bbox 255 2288 387 2335; x_wconf 87' lang='lat' dir='ltr'>Quam</span> <span class='ocrx_word' id='word_1_199' title='bbox 417 2287 532 2325; x_wconf 85' lang='lat' dir='ltr'>variis</span> <span class='ocrx_word' id='word_1_200' title='bbox 561 2286 712 2325; x_wconf 89' lang='lat' dir='ltr'>vicibus</span> <span class='ocrx_word' id='word_1_201' title='bbox 742 2288 916 2325; x_wconf 90' lang='lat' dir='ltr'>humane</span> <span class='ocrx_word' id='word_1_202' title='bbox 945 2299 1005 2325; x_wconf 89' lang='lat' dir='ltr'>res</span> <span class='ocrx_word' id='word_1_203' title='bbox 1034 2286 1242 2333; x_wconf 89' lang='lat' dir='ltr'>variantur,</span> 
     </span>
     <span class='ocr_line' id='line_1_33' title="bbox 255 2351 1109 2401; baseline 0 -11"><span class='ocrx_word' id='word_1_204' title='bbox 255 2353 351 2390; x_wconf 92' lang='lat' dir='ltr'>Hoc</span> <span class='ocrx_word' id='word_1_205' title='bbox 380 2353 498 2390; x_wconf 88' lang='lat' dir='ltr'>docet</span> <span class='ocrx_word' id='word_1_206' title='bbox 527 2359 708 2401; x_wconf 84' lang='lat' dir='ltr'>expertus</span> <span class='ocrx_word' id='word_1_207' title='bbox 738 2352 826 2390; x_wconf 91' lang='lat' dir='ltr'>finis</span> <span class='ocrx_word' id='word_1_208' title='bbox 856 2351 1002 2401; x_wconf 91' lang='lat' dir='ltr'>vbique</span> <span class='ocrx_word' id='word_1_209' title='bbox 1032 2352 1109 2390; x_wconf 87' lang='lat' dir='ltr'>rei:</span> 
     </span>
     <span class='ocr_line' id='line_1_34' title="bbox 257 2415 1309 2466; baseline -0.001 -12"><span class='ocrx_word' id='word_1_210' title='bbox 257 2418 389 2465; x_wconf 89' lang='lat' dir='ltr'>Quam</span> <span class='ocrx_word' id='word_1_211' title='bbox 419 2418 583 2455; x_wconf 89' lang='lat' dir='ltr'>minima</span> <span class='ocrx_word' id='word_1_212' title='bbox 612 2429 730 2455; x_wconf 86' lang='lat' dir='ltr'>causa</span> <span class='ocrx_word' id='word_1_213' title='bbox 758 2429 947 2466; x_wconf 87' lang='lat' dir='ltr'>magnum</span> <span class='ocrx_word' id='word_1_214' title='bbox 978 2416 1190 2454; x_wconf 89' lang='lat' dir='ltr'>discrimen</span> <span class='ocrx_word' id='word_1_215' title='bbox 1219 2415 1309 2454; x_wconf 90' lang='lat' dir='ltr'>oriri</span> 
     </span>
     <span class='ocr_line' id='line_1_35' title="bbox 255 2481 1134 2528; baseline -0.002 -8"><span class='ocrx_word' id='word_1_216' title='bbox 255 2482 395 2528; x_wconf 88' lang='lat' dir='ltr'>Possit,</span> <span class='ocrx_word' id='word_1_217' title='bbox 425 2482 476 2520; x_wconf 88' lang='lat' dir='ltr'>ab</span> <span class='ocrx_word' id='word_1_218' title='bbox 506 2483 646 2520; x_wconf 88' lang='lat' dir='ltr'>effectu</span> <span class='ocrx_word' id='word_1_219' title='bbox 676 2495 736 2521; x_wconf 87' lang='lat' dir='ltr'>res</span> <span class='ocrx_word' id='word_1_220' title='bbox 765 2483 974 2520; x_wconf 87' lang='lat' dir='ltr'>manifesta</span> <span class='ocrx_word' id='word_1_221' title='bbox 1004 2481 1134 2519; x_wconf 89' lang='lat' dir='ltr'>docet.</span> 
     </span>
     <span class='ocr_line' id='line_1_36' title="bbox 254 2545 1349 2597; baseline -0.003 -12"><span class='ocrx_word' id='word_1_222' title='bbox 254 2546 393 2585; x_wconf 90' lang='lat' dir='ltr'>Rebus</span> <span class='ocrx_word' id='word_1_223' title='bbox 422 2547 461 2584; x_wconf 92' lang='lat' dir='ltr'>in</span> <span class='ocrx_word' id='word_1_224' title='bbox 491 2548 666 2585; x_wconf 90' lang='lat' dir='ltr'>aduersis</span> <span class='ocrx_word' id='word_1_225' title='bbox 695 2560 796 2597; x_wconf 92' lang='lat' dir='ltr'>opus</span> <span class='ocrx_word' id='word_1_226' title='bbox 825 2554 883 2586; x_wconf 87' lang='lat' dir='ltr'>est</span> <span class='ocrx_word' id='word_1_227' title='bbox 913 2546 1184 2585; x_wconf 90' lang='lat' dir='ltr'>moderamine</span> <span class='ocrx_word' id='word_1_228' title='bbox 1212 2545 1349 2592; x_wconf 85' lang='lat' dir='ltr'>multo,</span> 
     </span>
     <span class='ocr_line' id='line_1_37' title="bbox 256 2611 1245 2661; baseline -0.002 -11"><span class='ocrx_word' id='word_1_229' title='bbox 256 2613 343 2650; x_wconf 87' lang='lat' dir='ltr'>Nec</span> <span class='ocrx_word' id='word_1_230' title='bbox 373 2612 487 2650; x_wconf 90' lang='lat' dir='ltr'>decet</span> <span class='ocrx_word' id='word_1_231' title='bbox 515 2613 555 2649; x_wconf 92' lang='lat' dir='ltr'>in</span> <span class='ocrx_word' id='word_1_232' title='bbox 584 2611 768 2661; x_wconf 88' lang='lat' dir='ltr'>grauibus</span> <span class='ocrx_word' id='word_1_233' title='bbox 798 2611 1029 2661; x_wconf 88' lang='lat' dir='ltr'>precipitare</span> <span class='ocrx_word' id='word_1_234' title='bbox 1056 2611 1245 2660; x_wconf 88' lang='lat' dir='ltr'>gradum:</span> 
     </span>
     <span class='ocr_line' id='line_1_38' title="bbox 255 2676 1354 2726; baseline -0.002 -12"><span class='ocrx_word' id='word_1_235' title='bbox 255 2676 403 2715; x_wconf 91' lang='lat' dir='ltr'>Micius</span> <span class='ocrx_word' id='word_1_236' title='bbox 433 2677 472 2713; x_wconf 92' lang='lat' dir='ltr'>in</span> <span class='ocrx_word' id='word_1_237' title='bbox 502 2677 608 2715; x_wconf 84' lang='lat' dir='ltr'>duris</span> <span class='ocrx_word' id='word_1_238' title='bbox 637 2678 792 2726; x_wconf 87' lang='lat' dir='ltr'>sapiens</span> <span class='ocrx_word' id='word_1_239' title='bbox 823 2677 924 2716; x_wconf 87' lang='lat' dir='ltr'>Cato</span> <span class='ocrx_word' id='word_1_240' title='bbox 953 2676 1116 2713; x_wconf 88' lang='lat' dir='ltr'>mandat</span> <span class='ocrx_word' id='word_1_241' title='bbox 1144 2676 1354 2724; x_wconf 82' lang='lat' dir='ltr'>agendum,</span> 
     </span>
     <span class='ocr_line' id='line_1_39' title="bbox 257 2741 1195 2781; baseline -0.003 -1"><span class='ocrx_word' id='word_1_242' title='bbox 257 2743 361 2780; x_wconf 90' lang='lat' dir='ltr'>Nam</span> <span class='ocrx_word' id='word_1_243' title='bbox 392 2742 507 2779; x_wconf 90' lang='lat' dir='ltr'>nimis</span> <span class='ocrx_word' id='word_1_244' title='bbox 536 2742 758 2781; x_wconf 87' lang='lat' dir='ltr'>accelerans</span> <span class='ocrx_word' id='word_1_245' title='bbox 787 2742 935 2781; x_wconf 87' lang='lat' dir='ltr'>tardius</span> <span class='ocrx_word' id='word_1_246' title='bbox 964 2747 1051 2778; x_wconf 88' lang='lat' dir='ltr'>acta</span> <span class='ocrx_word' id='word_1_247' title='bbox 1079 2741 1195 2778; x_wconf 85' lang='lat' dir='ltr'>facit:</span> 
     </span>
     <span class='ocr_line' id='line_1_40' title="bbox 257 2804 1285 2856; baseline -0.003 -11"><span class='ocrx_word' id='word_1_248' title='bbox 257 2806 396 2845; x_wconf 89' lang='lat' dir='ltr'>Rebus</span> <span class='ocrx_word' id='word_1_249' title='bbox 426 2806 465 2843; x_wconf 91' lang='lat' dir='ltr'>in</span> <span class='ocrx_word' id='word_1_250' title='bbox 494 2806 688 2856; x_wconf 87' lang='lat' dir='ltr'>ambiguis</span> <span class='ocrx_word' id='word_1_251' title='bbox 718 2807 909 2856; x_wconf 88' lang='lat' dir='ltr'>quociens</span> <span class='ocrx_word' id='word_1_252' title='bbox 938 2806 1094 2844; x_wconf 92' lang='lat' dir='ltr'>fortuna</span> <span class='ocrx_word' id='word_1_253' title='bbox 1123 2804 1285 2852; x_wconf 89' lang='lat' dir='ltr'>laborat,</span> 
     </span>
    </p>
   </div>
   <div class='ocr_carea' id='block_1_5' title="bbox 381 2884 1380 2928">
    <p class='ocr_par' dir='ltr' id='par_1_8' title="bbox 381 2884 1380 2928">
     <span class='ocr_line' id='line_1_41' title="bbox 381 2884 1380 2928; baseline 0 -11"><span class='ocrx_word' id='word_1_254' title='bbox 381 2887 446 2928; x_wconf 84' lang='lat'>516</span> <span class='ocrx_word' id='word_1_255' title='bbox 464 2885 633 2919; x_wconf 83' lang='lat' dir='ltr'>Solennes</span> <span class='ocrx_word' id='word_1_256' title='bbox 649 2886 738 2920; x_wconf 84' lang='lat' dir='ltr'>CEL</span> <span class='ocrx_word' id='word_1_257' title='bbox 783 2886 963 2919; x_wconf 82' lang='lat' dir='ltr'>Solemnes</span> <span class='ocrx_word' id='word_1_258' title='bbox 979 2886 1008 2917; x_wconf 95' lang='lat' dir='ltr'><strong>D</strong></span> <span class='ocrx_word' id='word_1_259' title='bbox 1143 2885 1208 2926; x_wconf 84' lang='lat'>536</span> <span class='ocrx_word' id='word_1_260' title='bbox 1226 2884 1302 2917; x_wconf 87' lang='lat' dir='ltr'>Hec</span> <span class='ocrx_word' id='word_1_261' title='bbox 1320 2884 1380 2917; x_wconf 91' lang='lat' dir='ltr'>DL</span> 
     </span>
    </p>
   </div>
   <div class='ocr_carea' id='block_1_6' title="bbox 1536 241 1608 268">
    <p class='ocr_par' dir='ltr' id='par_1_9' title="bbox 1536 241 1608 268">
     <span class='ocr_line' id='line_1_42' title="bbox 1536 241 1608 268; baseline 0.014 -1"><span class='ocrx_word' id='word_1_262' title='bbox 1536 241 1608 268; x_wconf 90' lang='lat'>121</span> 
     </span>
    </p>
   </div>
   <div class='ocr_carea' id='block_1_7' title="bbox 1550 672 1613 704">
    <p class='ocr_par' dir='ltr' id='par_1_10' title="bbox 1550 672 1613 704">
     <span class='ocr_line' id='line_1_43' title="bbox 1550 672 1613 704; baseline 0.016 -9"><span class='ocrx_word' id='word_1_263' title='bbox 1550 672 1613 704; x_wconf 91' lang='lat'>510</span> 
     </span>
    </p>
   </div>
   <div class='ocr_carea' id='block_1_8' title="bbox 1549 1323 1614 1355">
    <p class='ocr_par' dir='ltr' id='par_1_11' title="bbox 1549 1323 1614 1355">
     <span class='ocr_line' id='line_1_44' title="bbox 1549 1323 1614 1355; baseline 0 -9"><span class='ocrx_word' id='word_1_264' title='bbox 1549 1323 1614 1355; x_wconf 81' lang='lat'>520</span> 
     </span>
    </p>
   </div>
   <div class='ocr_carea' id='block_1_9' title="bbox 1549 1976 1615 2008">
    <p class='ocr_par' dir='ltr' id='par_1_12' title="bbox 1549 1976 1615 2008">
     <span class='ocr_line' id='line_1_45' title="bbox 1549 1976 1615 2008; baseline 0 0"><span class='ocrx_word' id='word_1_265' title='bbox 1549 1976 1615 2008; x_wconf 83' lang='lat'>530</span> 
     </span>
    </p>
   </div>
   <div class='ocr_carea' id='block_1_10' title="bbox 1549 2624 1614 2657">
    <p class='ocr_par' dir='ltr' id='par_1_13' title="bbox 1549 2624 1614 2657">
     <span class='ocr_line' id='line_1_46' title="bbox 1549 2624 1614 2657; baseline 0.015 -1"><span class='ocrx_word' id='word_1_266' title='bbox 1549 2624 1614 2657; x_wconf 84' lang='lat'>540</span> 
     </span>
    </p>
   </div>
  </div>
 </body>
</html>
