2095 3173
423 254 500 294 130

892 242 1022 284 Vox
1061 241 1421 284 CLAMANTIS

527 348 734 396 Excludat‚
765 355 916 387 nostras
945 360 1020 386 nec
1049 349 1146 387 sciat
1174 350 1258 398 ipsa
1285 350 1389 388 vias:

529 414 608 462 Qui
638 421 771 452 tamen
801 414 959 452 occulto
987 414 1095 463 cupit
1124 420 1164 451 vt
1193 414 1242 452 sit
1271 421 1405 453 noster
1431 414 1594 461 amicus,

528 480 681 516 Aurum
711 479 787 526 det,
821 479 905 516 sine
934 491 1014 528 quo
1043 479 1202 517 victima
1231 480 1338 516 nulla
1366 479 1518 529 placet:

528 545 619 593 Que
648 555 789 582 manus
819 550 878 582 est
906 544 1034 593 plena,
1065 544 1189 594 magis
1218 543 1449 582 inuitabitur
1477 545 1553 592 illa,

527 609 610 646 Stet
640 608 732 646 soris
761 615 799 646 et
829 621 962 656 vacua,
994 620 1068 646 nec
1097 615 1305 647 veneretur
1332 609 1396 647 ita.

529 673 677 712 Omnia
706 673 829 721 soluo,
862 674 951 724 ligo,
984 686 1142 712 summo
1171 674 1401 712 diademate
1430 686 1562 724 regno,

528 738 648 777 Orbis
677 750 750 788 ego
779 739 990 777 dominus:
1028 739 1125 788 quid
1153 739 1274 776 michi
1303 739 1403 777 velle
1431 739 1585 788 magis?

527 804 600 842 Me
628 804 837 842 dominum
867 804 1020 851 clamat,
1051 816 1116 842 me
1143 803 1282 842 viuens
1311 803 1442 842 omnis
1470 804 1619 851 adorat,

528 868 662 908 Omne
691 869 819 907 solum
849 869 959 906 calco
989 868 1045 906 sic
1073 867 1172 906 deus
1200 869 1298 906 alter
1325 880 1412 917 ego.

529 935 601 972 Est
629 935 795 972 thronus
824 935 1012 981 excelsus,
1044 946 1126 983 quo
1155 945 1366 982 possumus
1395 932 1582 972 omnibus
1612 945 1689 971 vna

529 999 581 1037 Et
610 999 821 1038 benedicta
849 1011 983 1045 manu,
1015 999 1071 1036 sic
1099 999 1310 1037 maledicta
1339 998 1458 1037 dare:

529 1064 674 1114 Sicque
703 1071 899 1114 potestate
928 1070 1062 1102 nostra
1091 1069 1314 1102 reuerenter
1343 1062 1491 1112 vbique

529 1130 703 1179 Magnus
732 1130 771 1167 in
802 1130 977 1176 ecclesia,
1009 1129 1134 1167 maior
1162 1129 1202 1166 in
1232 1128 1328 1167 orbe
1357 1141 1505 1167 sumus.

585 1195 802 1243 ‘Dicimus‚
835 1202 872 1234 et
901 1196 1004 1233 sacta
1033 1194 1110 1231 iam
1141 1201 1242 1241 sunt,
1274 1194 1523 1241 mandamus,
1555 1200 1594 1233 et
1623 1205 1717 1233 ecce

529 1261 773 1298 Accrescunt
803 1259 922 1298 subiti
952 1259 1059 1297 dona
1087 1266 1217 1297 creata
1244 1259 1354 1297 lucri.

530 1324 621 1373 Que
651 1325 803 1364 Cristus
831 1324 959 1362 renuit
984 1324 1230 1373 suscepimus
1259 1323 1393 1361 omnia
1422 1334 1541 1373 regna

527 1389 686 1436 Mundi,
718 1401 796 1438 que
825 1388 1037 1427 dominans
1065 1388 1187 1438 gloria
1215 1400 1317 1426 vana
1345 1387 1480 1426 dedit:

530 1453 594 1491 Sic
623 1454 778 1491 exaltati
809 1453 860 1491 de
888 1460 989 1491 terra
1017 1453 1204 1491 traximus
1233 1452 1284 1491 ad
1314 1464 1386 1490 nos

530 1517 679 1557 Omnia
707 1518 858 1557 deliciis
887 1518 1124 1568 amplificata
1152 1519 1286 1568 magis.

529 1584 595 1622 Sic
624 1590 746 1622 status
775 1590 1000 1633 assumptus
1030 1584 1165 1633 quales
1195 1596 1332 1621 sumus
1360 1583 1564 1634 approbat,
1595 1590 1636 1622 vt
1665 1596 1738 1623 nos

528 1648 629 1688 Ocia
657 1649 876 1698 plectentes
906 1649 973 1699 qui
1002 1650 1223 1687 cruciamus
1253 1649 1430 1687 humum.

530 1714 662 1753 Suaue
691 1715 837 1764 iugum,
870 1715 961 1753 leue
987 1715 1140 1754 Cristus
1169 1727 1270 1753 onus
1301 1714 1416 1753 nobis
1446 1715 1567 1763 dedit,
1599 1722 1638 1754 et
1668 1728 1741 1754 nos

529 1779 714 1817 Pondera
742 1792 819 1829 que
848 1779 988 1817 mundi
1019 1787 1109 1817 sunt
1137 1779 1316 1829 grauiora
1344 1780 1509 1818 damus:

530 1844 622 1881 Iura
651 1844 792 1882 damus
821 1844 989 1893 populis,
1020 1851 1079 1882 set
1108 1857 1181 1882 nos
1210 1857 1292 1882 non
1321 1845 1407 1894 lege
1435 1851 1627 1892 tenemur,

530 1909 622 1957 Que
650 1909 771 1946 michi
800 1909 862 1946 lex
889 1908 1036 1958 placuit
1065 1909 1157 1947 iuris
1186 1908 1349 1947 habebit
1378 1921 1491 1947 onus.

531 1975 694 2013 Iudiciis
724 1975 933 2012 hominum
965 1987 1046 2012 non
1077 1981 1152 2013 stat
1182 1975 1291 2025 quod
1320 1987 1445 2025 pecco
1474 1986 1543 2024 per
1571 1973 1722 2023 orbem,

530 2039 593 2077 Sic
622 2039 744 2076 michi
773 2045 916 2077 cuncta
944 2039 1074 2086 licent,
1106 2052 1184 2089 que
1213 2040 1337 2089 magis
1365 2046 1453 2077 acta
1481 2039 1664 2089 placent3

531 2104 583 2141 Et
612 2103 644 2142 si
673 2103 847 2140 mundus
877 2104 916 2140 in
946 2104 1020 2141 hiis
1050 2104 1117 2142 fiat
1145 2104 1266 2142 michi
1295 2105 1395 2142 sorte
1423 2102 1591 2152 rebellis,

530 2169 603 2206 Est
631 2179 720 2205 mea
749 2168 800 2206 de
828 2167 974 2216 guerris
1004 2167 1147 2205 forcior
1175 2180 1269 2206 ecce
1298 2181 1452 2206 manus.

531 2231 622 2269 Hiis
652 2243 813 2281 quoque
842 2231 893 2269 de
922 2230 1049 2269 causis
1078 2233 1302 2281 respondeo
1330 2244 1443 2281 papa,
1476 2232 1586 2282 quod
1615 2245 1754 2272 omnes

531 2298 606 2335 Per
634 2308 723 2334 mea
751 2294 964 2345 terrigenos
993 2295 1098 2333 bella
1125 2297 1285 2334 retrudo
1314 2295 1428 2334 viros.

587 2362 719 2399 ‘Inter
747 2359 962 2410 discipulos
990 2361 1115 2399 fuerat
1144 2360 1342 2400 discordia
1369 2362 1482 2409 facta,

531 2427 683 2464 Norma
712 2432 770 2464 set
798 2425 957 2463 infantis
986 2425 1208 2475 pacificauit
1237 2439 1365 2476 opus:

531 2492 617 2530 Nos
646 2498 779 2529 tamen
807 2491 859 2529 ad
888 2503 1020 2529 veram
1048 2492 1158 2529 nullo
1188 2491 1459 2530 moderamine
1488 2504 1628 2542 pacem

531 2557 707 2594 Flectere
736 2554 824 2606 quis
852 2555 1006 2606 poterit,
1037 2556 1114 2594 hoc
1143 2569 1273 2606 neque
1301 2569 1450 2607 pompa
1478 2556 1581 2595 sinit.

531 2622 581 2660 In
610 2634 726 2659 cruce
755 2621 933 2660 confixus
962 2620 1106 2671 patitur
1134 2634 1204 2659 sua
1233 2622 1370 2659 funera
1399 2621 1561 2670 Cristus‚

532 2687 585 2724 Et
612 2685 685 2724 fuit
714 2685 780 2723 illa
807 2685 897 2724 viris
926 2685 1057 2736 passio
1085 2699 1176 2724 vera
1205 2687 1333 2724 salus:

531 2750 731 2789 Omnibus
760 2752 985 2801 exemplum
1013 2750 1086 2789 fuit
1114 2752 1188 2789 hec
1217 2751 1421 2801 paciencia
1449 2752 1579 2801 Cristi‚

531 2817 774 2854 Alterutrum
804 2815 900 2854 socii
929 2815 1050 2854 simus
1079 2823 1120 2854 vt
1147 2814 1241 2854 inde
1269 2816 1334 2867 pii.

533 2881 619 2919 Nos
648 2887 781 2919 tamen
810 2880 851 2918 in
880 2879 1037 2931 signum
1064 2879 1238 2920 vindicte
1266 2880 1452 2932 ponimus
1481 2881 1600 2930 illam,

1827 616 1891 658 850

1826 1264 1892 1297 860

1825 2565 1891 2597 880
