2095 3173
410 251 487 301 156
550 286 554 293 ‚
879 251 1009 292 VOX
1049 252 1408 297 CLAMANTIS

515 357 705 407 Splendet
734 365 772 396 et
801 357 841 395 in
871 357 987 395 simili
1017 359 1143 395 forma
1171 357 1312 396 virtute
1342 359 1536 406 sacerdos,

515 422 555 460 Si
584 422 686 460 bene
715 429 924 460 conseruet
953 422 1101 461 ordinis
1130 422 1214 473 ipse
1243 430 1412 462 statum:

515 490 667 526 Aurum
698 495 806 526 veste
834 487 931 537 gerit
960 495 1130 536 sanctus,
1162 502 1253 526 cum
1284 490 1466 539 splendet
1494 488 1535 527 in
1564 488 1631 527 illo

515 555 589 591 Pre
618 552 776 602 reliquis
806 553 968 591 rutilans
997 555 1101 592 clara
1129 553 1269 604 sophia
1297 554 1374 593 dei.

514 620 578 656 Ne
607 617 740 656 tunice
769 618 907 657 leuiter
935 619 1059 669 possit
1087 627 1249 669 ruptura
1277 619 1427 667 minari,

515 683 671 722 Nobilis
701 683 740 721 in
770 683 853 734 giro
882 683 1007 722 texilis
1036 697 1104 723 ora
1133 684 1275 723 micat:
1799 695 1878 725 1810

515 750 565 787 Se
594 762 668 788 nec
697 756 736 788 et
764 749 848 800 ipse
877 750 1007 788 bonus
1036 749 1255 801 disrumpat
1284 750 1324 788 in
1354 751 1450 790 orbe
1479 752 1674 798 sacerdos,

515 815 578 853 Ne
608 822 740 865 pateat
768 814 867 852 rima
895 814 1068 853 criminis
1098 817 1174 853 vlla
1204 815 1274 854 sui.

515 880 607 918 Hac
635 893 677 918 se
706 879 910 919 mundicia
937 880 1161 931 precinctus
1190 880 1381 931 presbiter
1410 889 1533 929 ornat,

512 946 567 983 Vt
595 952 701 984 totus
731 947 905 984 mundus
935 959 1098 984 munera
1127 947 1278 985 munda
1307 954 1442 985 sacret.

566 1012 677 1049 Aron
706 1018 746 1050 et
774 1010 909 1050 electis
937 1019 1065 1049 vestes
1095 1018 1290 1059 texuntur,
1322 1019 1363 1049 vt
1391 1012 1534 1050 horum

514 1075 695 1126 Quisque
725 1076 939 1115 sacerdotis
968 1076 1093 1127 possit
1121 1077 1273 1115 honore
1301 1076 1400 1115 frui:

513 1141 577 1180 Sic
607 1143 730 1180 modo
759 1142 975 1193 presbiteri,
1008 1155 1077 1181 seu
1107 1141 1252 1180 summi
1281 1142 1365 1181 siue
1395 1142 1577 1189 minores,

513 1207 701 1246 Efficiunt
731 1207 849 1247 Cristi
877 1221 1019 1258 corpus
1049 1207 1237 1258 idemque
1266 1215 1431 1246 sacrant.

512 1274 618 1311 Nam
647 1287 720 1312 nos
750 1287 842 1312 cum
872 1273 1007 1312 vinum
1037 1287 1263 1324 panemque
1292 1287 1490 1312 sacramus
1520 1273 1561 1312 in
1589 1286 1665 1320 ara,

513 1339 607 1377 Hoc
636 1352 749 1377 verus
779 1338 936 1389 sanguis
966 1353 1042 1377 vna
1071 1340 1114 1377 fit
1142 1347 1262 1389 atque
1291 1352 1405 1377 caro:
1796 1345 1879 1375 1820

513 1403 594 1452 Qui
624 1403 741 1444 Cristi
771 1417 929 1443 carnem
959 1404 1093 1442 matris
1123 1404 1293 1443 confecit
1323 1404 1363 1442 in
1393 1405 1495 1452 aluo,

512 1469 668 1519 Corpus
697 1469 738 1507 in
766 1469 877 1508 altari
906 1469 1067 1508 conficit
1097 1469 1161 1508 ille
1191 1483 1357 1508 sacrum.

513 1535 676 1584 Quadra
704 1535 747 1573 fit
775 1534 905 1573 altaris
935 1535 1097 1585 species,
1129 1543 1170 1573 vt
1199 1542 1369 1585 quatuor
1397 1534 1503 1573 orbis

513 1599 694 1638 Partibus
724 1600 890 1639 ecclesie
919 1600 968 1639 sit
997 1600 1165 1639 solidata
1194 1601 1304 1639 fides.

511 1664 700 1703 Vestibus
730 1673 890 1704 ornatus
920 1665 988 1716 qui
1018 1665 1073 1704 sic
1102 1673 1141 1704 et
1171 1665 1347 1704 moribus
1376 1672 1481 1704 extat

514 1729 679 1780 Dignus,
710 1744 792 1769 non
820 1731 942 1778 aliter,
973 1731 1293 1781 presbiterandus
1322 1730 1404 1770 erit.

513 1797 626 1845 Quos
655 1803 763 1834 tante
792 1803 931 1844 vestes,
964 1810 1064 1846 quos
1092 1796 1216 1847 gloria
1245 1804 1354 1834 tanta
1382 1803 1577 1847 perornat,

513 1860 599 1899 Sint
627 1861 750 1911 magis
781 1869 821 1900 vt
850 1861 975 1900 sancti
1004 1875 1124 1900 causa
1152 1861 1313 1912 requirit
1342 1875 1435 1900 eos:

513 1927 701 1965 Dedecus
731 1926 897 1966 ecclesie
926 1928 1057 1977 presul
1088 1926 1156 1977 qui
1185 1927 1278 1965 talia
1305 1934 1453 1977 prestat

513 1991 744 2031 Presbiteris
773 1992 892 2040 laicis,
924 1992 1007 2031 iure
1036 2000 1216 2043 negante,
1248 1991 1359 2043 parit.
1798 1999 1881 2038 1830

515 2058 628 2106 Quos
658 2057 766 2096 sinus
796 2057 962 2097 ecclesie
991 2057 1140 2108 recipit,
1172 2065 1311 2097 noscat
1340 2057 1448 2096 sinus
1476 2064 1590 2108 aptos

515 2123 613 2161 Esse
643 2123 731 2170 deo,
762 2122 934 2173 reliquos
964 2130 1124 2162 euomat
1154 2122 1240 2174 ipsa
1268 2122 1372 2161 foris.

451 2289 532 2324 Hie
561 2288 745 2333 loquitur
776 2289 956 2332 qualiter
987 2289 1196 2323 sacrificia
1227 2289 1279 2324 de
1303 2289 1438 2324 veteri
1463 2290 1555 2333 lege
1581 2289 1710 2324 altari
1736 2289 1877 2325 debita

405 2349 572 2384 fuerunt
618 2348 662 2382 in
706 2347 841 2391 figura
890 2347 945 2381 ad
990 2348 1220 2391 exemplum
1267 2357 1379 2382 nunc
1426 2357 1533 2382 noue
1579 2348 1685 2392 legis
1726 2349 1879 2392 presbi-

406 2409 613 2442 terorum:
680 2405 783 2440 dicit
830 2406 1009 2440 vlterius
1058 2406 1239 2450 qualiter
1287 2417 1339 2441 ex
1388 2408 1570 2451 vtraque
1618 2407 1709 2451 lege
1755 2407 1880 2442 saeri-

407 2465 586 2500 ficantes
612 2464 743 2499 altari
768 2464 921 2500 debent
946 2475 1039 2500 esse
1065 2465 1156 2500 sine
1181 2466 1359 2500 macula.

251 2547 377 2597 Capru.
401 2559 484 2584 xxv.
572 2547 655 2584 Lex
683 2552 794 2584 vetus
824 2544 992 2584 instituit
1020 2544 1215 2593 animalia,
1247 2546 1297 2584 de
1327 2544 1472 2596 quibus
1501 2545 1596 2584 olim

521 2612 709 2649 Immolat
737 2609 847 2649 altari
875 2611 988 2661 plebs
1018 2612 1250 2649 holocausta
1278 2611 1356 2649 deo
1372 2625 1382 2659 ;

519 2677 682 2725 Semper
711 2683 749 2714 et
778 2689 825 2715 ex
853 2676 963 2714 omni
992 2683 1163 2714 mactato
1192 2675 1247 2714 sic
1275 2675 1436 2714 animali

520 2740 667 2780 Debita
694 2741 911 2792 presbitero
940 2741 1075 2792 porcio
1103 2748 1209 2780 certa
1236 2740 1319 2779 fuit.

521 2807 615 2844 Hoc
643 2813 778 2845 tamen
806 2808 858 2846 ad
888 2806 1006 2847 Cristi
1033 2808 1160 2857 legem
1189 2806 1366 2845 latitante
1395 2807 1517 2857 figura

984 2917 1065 2956 1815
1088 2915 1204 2947 Aaron
1221 2916 1312 2947 CED
