2121 3173
451 234 532 284 362

835 230 874 271 O
917 229 1079 271 DEUS
1121 228 1408 270 IMMENSE
1448 240 1541 269 ETC.

502 422 677 458 Carmen
696 421 803 466 quod
820 420 1036 455 Iohannes
1060 419 1210 454 Gower
1232 418 1365 454 adhuc
1384 418 1537 454 vinens
1555 427 1679 463 super
1696 417 1923 462 principum

454 481 654 525 regimine
671 480 820 515 vltimo
840 477 1086 522 composuit.

701 571 809 597 DEUS
839 558 1044 605 immense,
1076 556 1150 595 sub
1180 570 1260 607 quo
1290 556 1546 596 dominantur
1573 555 1615 594 in
1644 569 1738 595 ense

702 623 879 673 Quidam
908 622 1055 661 morosi
1084 624 1226 672 Reges,
1258 621 1421 672 quidam
1450 620 1597 669 viciosi,

562 688 795 740 Disparibus
825 687 973 726 meritis
1002 687 1057 726 sic
1087 701 1162 738 pax
1191 686 1246 725 sic
1276 686 1407 726 mocio
1436 686 1513 725 litis

562 754 727 792 Publica
756 766 966 804 regnorum
995 752 1247 790 manifestant
1276 759 1385 802 gesta
1413 765 1599 790 suorum:

562 819 767 869 Quicquid
797 818 965 858 delirant
995 819 1136 868 Reges,
1168 818 1393 867 plectuntur
1421 816 1578 864 Achiui,

561 887 655 934 Quo
685 886 788 922 mala
816 883 1017 934 respirant,
1049 881 1116 921 vbi
1145 895 1274 921 mores
1303 889 1394 920 sunt
1422 881 1587 932 fugitiui.

561 951 667 988 Laus
697 956 735 988 et
763 950 892 987 honor
922 950 1079 998 Regum
1107 948 1208 986 foret
1236 946 1469 986 obseruacio
1497 948 1640 997 legum,

562 1016 628 1054 Ad
658 1028 755 1065 quas
785 1013 899 1052 iurati
929 1020 1020 1052 sunt
1049 1012 1175 1064 prima
1204 1020 1308 1052 sorte
1337 1012 1490 1051 vocati:

561 1082 616 1118 Vt
647 1082 792 1119 celeste
821 1080 973 1118 bonum
1004 1086 1101 1130 puto
1131 1077 1345 1117 concilium
1375 1079 1458 1117 fore
1487 1078 1651 1124 donum,

563 1145 656 1192 Quo
684 1143 791 1194 prius
820 1143 861 1181 in
890 1143 999 1182 terris
1029 1157 1104 1194 pax
1133 1142 1300 1182 contulit
1329 1143 1465 1182 oscula
1493 1141 1664 1192 guerris:

562 1208 784 1248 Consilium
814 1208 979 1258 dignum
1010 1210 1163 1258 Regem
1192 1207 1284 1246 facit
1312 1221 1398 1246 esse
1427 1207 1655 1258 benignum,

564 1275 635 1312 Est
664 1273 774 1312 aliter
803 1273 959 1324 signum
989 1286 1069 1323 quo
1099 1272 1290 1323 spergitur
1319 1286 1439 1312 omne
1468 1271 1695 1323 malignum.

564 1339 612 1376 In
641 1337 819 1377 bonitate
848 1351 960 1389 pares
990 1345 1119 1376 sumat
1145 1337 1220 1376 sibi
1249 1337 1474 1376 consiliares

563 1403 651 1441 Rex
680 1402 821 1450 bonus,
853 1411 891 1442 et
920 1410 1064 1441 cuncta
1092 1402 1253 1441 venient
1283 1402 1358 1441 sibi
1387 1416 1574 1453 prospera
1602 1401 1760 1441 iuncta:

564 1466 644 1516 Qui
673 1467 770 1517 regit
798 1475 1007 1518 optentum
1036 1469 1087 1506 de
1116 1466 1282 1506 consilio
1311 1466 1535 1517 sapientum

565 1533 762 1582 Regnum,
793 1545 875 1571 non
904 1532 1000 1571 ledit
1030 1539 1088 1570 set
1116 1532 1168 1570 ab
1198 1531 1307 1570 omni
1336 1532 1425 1570 labe
1454 1531 1625 1570 recedit:

564 1596 786 1636 Consilium
816 1604 963 1635 tortum
992 1598 1119 1635 scelus
1149 1610 1267 1635 omne
1297 1596 1469 1635 refundit
1497 1597 1680 1634 abortum

564 1660 684 1711 Regis
713 1661 753 1698 in
783 1674 964 1708 errorem,
996 1660 1103 1711 regni
1133 1674 1213 1711 quo
1242 1660 1370 1711 perdit
1399 1674 1586 1700 amorem.

562 1727 649 1764 ‘Ve
678 1725 746 1775 qui
775 1725 972 1776 predaris,'
1001 1725 1162 1764 Ysaias
1192 1727 1336 1764 clamat
1365 1725 1491 1764 auaris
1506 1740 1517 1774 ,-

564 1790 628 1829 Sic
657 1791 784 1829 verbis
814 1790 926 1829 claris
955 1790 1129 1841 loquitur
1157 1790 1229 1829 tibi
1258 1790 1326 1841 qui
1355 1790 1581 1830 dominaris.

566 1856 653 1894 Rex
682 1856 749 1906 qui
778 1857 865 1906 plus
895 1870 1034 1894 aurum
1063 1856 1201 1907 populi
1231 1870 1351 1907 quam
1380 1858 1501 1896 corda
1529 1858 1757 1896 thesaurum

565 1921 794 1971 Computat,
825 1935 848 1959 a
877 1928 1010 1960 mente
1039 1921 1176 1972 populi
1205 1921 1311 1961 cadit
1340 1922 1423 1973 ipse
1452 1929 1624 1973 repente.

565 1986 622 2024 Os
652 1985 718 2024 vbi
746 1987 903 2036 vulgare
932 1999 1014 2024 non
1043 1988 1163 2026 audet
1191 1987 1311 2026 verba
1339 2001 1490 2035 sonare,

566 2051 649 2088 Stat
679 2050 802 2101 magis
832 2051 1000 2089 obscura
1029 2051 1101 2089 sub
1132 2065 1332 2090 murmure
1360 2065 1473 2091 mens
1502 2053 1708 2102 loqutura:

566 2117 657 2164 Que
688 2122 818 2165 stupet
847 2115 888 2153 in
917 2115 1009 2154 villa
1037 2115 1158 2154 cicius
1189 2117 1301 2167 plebs
1331 2124 1548 2155 murmurat
1576 2116 1652 2164 illa,

565 2181 684 2219 Vnde
714 2181 862 2218 malum
893 2179 1042 2227 crescit,
1074 2180 1229 2230 sapiens
1259 2195 1339 2231 quo
1370 2195 1462 2232 sepe
1492 2181 1678 2232 pauescit.

566 2246 638 2283 Est
665 2243 737 2282 tibi
765 2245 1009 2283 credendum
1038 2257 1215 2282 murmur
1243 2245 1335 2283 satis
1364 2259 1449 2284 esse
1477 2246 1727 2294 timendum3

566 2310 671 2348 Cum
701 2308 749 2347 sit
779 2322 1004 2356 commune,
1036 2316 1130 2347 tunc
1160 2317 1198 2348 te
1227 2323 1344 2361 super
1373 2310 1507 2349 omnia
1536 2324 1667 2349 mune.

566 2373 720 2425 Lingua
748 2374 885 2425 nequit
915 2374 985 2413 fari
1014 2375 1127 2425 mala,
1159 2388 1226 2413 cor
1254 2388 1328 2413 nec
1357 2375 1619 2425 premeditari,

566 2440 657 2488 Que
686 2447 795 2489 parat
825 2439 982 2489 obliqus
1012 2440 1085 2478 sub
1114 2440 1251 2478 fraude
1280 2441 1442 2478 dolosus
1471 2440 1645 2480 amicus:

567 2504 747 2542 Mundus
776 2504 847 2542 erit
876 2504 995 2551 testis,
1027 2504 1083 2542 vir
1112 2504 1198 2544 talis
1227 2511 1267 2543 vt
1295 2506 1416 2543 altera
1444 2505 1563 2555 pestis

567 2568 699 2607 Inficit
727 2571 885 2608 occulto
914 2583 1078 2620 regnum
1108 2571 1158 2609 de
1187 2569 1350 2609 crimine
1379 2571 1515 2610 multo.

568 2634 743 2672 Blandus
772 2635 952 2674 adulator
981 2642 1019 2674 et
1047 2648 1188 2674 auarus
1218 2634 1453 2682 consiliator,

501 2728 509 2742 ⁴
523 2724 553 2754 O
572 2725 655 2755 deus
673 2725 838 2757 immense
850 2726 857 2739 '
876 2730 936 2759 &c.
992 2727 1071 2759 Text
1085 2728 1168 2768 ofS,
1188 2727 1322 2759 collated
1336 2728 1411 2759 with
1429 2728 1492 2759 CH

507 2776 585 2806 Tz'tle
606 2776 751 2807 Carmen
777 2779 866 2817 quod
896 2779 1069 2812 Iohannes
1095 2779 1222 2812 Gower
1245 2785 1400 2821 tempore
1428 2780 1520 2822 regis
1545 2780 1695 2822 Ricardi,
1723 2781 1800 2812 dum
1825 2780 1921 2821 vixit,

458 2828 577 2858 vltimo
595 2829 784 2867 composuit
802 2829 900 2862 CHG

500 2879 544 2910 28
562 2889 703 2912 comune
721 2880 745 2912 S

1886 1156 1925 1177 10

1885 1807 1924 1829 20

1883 2457 1925 2487 30
