2095 3173
895 190 1026 232 VOX
1068 188 1426 231 CLAMANTIS

749 331 973 379 Incipiunt
1001 330 1210 377 Capitula
1238 330 1341 367 libri
1368 328 1579 368 Secundi.

362 431 562 481 Prologus.
596 431 677 469 Hic
703 431 798 469 dicit
822 430 932 479 quod
959 430 1043 479 ipse
1069 429 1147 467 iam
1167 429 1343 479 vigilans,
1365 429 1586 467 secundum
1612 441 1752 468 vocem
1778 442 1897 479 quarn
1926 429 1966 468 in

362 756 491 806 capm.

362 1016 493 1065 Capm.

363 1082 495 1131 Capm.

363 1213 492 1262 Capffl.

363 1407 495 1457 Capm.

364 1538 493 1588 Capm.

365 1670 494 1718 Capm.

365 1800 495 1849 Capm.

365 1930 496 1979 Capru.

367 2061 496 2110 Capm.

369 2320 497 2369 Capm.

576 497 754 545 sompnis
774 502 990 544 acceperat,
1013 495 1183 533 intendit
1204 494 1374 533 scribere
1401 507 1447 533 ea
1468 506 1546 544 que
1566 494 1617 533 de
1638 495 1789 533 mundo
1810 496 1907 534 vidit
1928 502 1966 534 et

576 561 740 607 audiuit,
763 567 800 598 et
821 567 935 598 vocat
961 559 1139 598 libellum
1167 560 1285 598 istum
1312 561 1401 597 Vox
1428 559 1657 606 Clamantis,
1680 560 1773 609 quia
1793 560 1844 599 de
1870 573 1966 599 voce

577 633 615 664 et
636 626 808 663 clamore
829 625 941 674 quasi
967 625 1146 663 omnium
1168 631 1384 674 conceptus
1405 630 1463 663 est
1478 638 1489 672 ;
1518 624 1622 663 vnde
1642 624 1681 661 in
1703 624 1818 662 huius
1839 625 1968 675 operis

576 691 764 729 auxilium
785 690 964 740 spiritum
985 696 1166 728 sanctum
1187 691 1358 728 inuocat.

515 756 537 794 i.
580 756 661 793 Hic
701 755 808 802 dicit,
848 755 1069 793 secundum
1109 755 1218 804 quod
1258 755 1309 793 de
1348 755 1520 793 clamore
1557 756 1762 793 communi
1801 755 1964 803 audiuit,

577 820 744 870 qualiter
771 825 894 858 status
922 826 960 858 et
987 820 1087 858 ordo
1114 819 1252 857 mundi
1274 819 1461 869 precipue
1482 820 1521 856 in
1542 820 1718 869 partibus
1739 821 1820 858 istis
1842 821 1968 859 multi-

577 885 729 935 pliciter
754 886 793 922 in
819 885 931 934 peius
960 885 1138 932 variatur,
1162 890 1200 922 et
1225 884 1430 933 quomodo
1450 885 1721 934 vnusquisque
1749 898 1867 936 super
1892 886 1969 924 hoc

577 950 776 989 fortunam
797 955 970 988 accusat.

516 1015 552 1053 ii.
587 1015 669 1053 Hic
688 1015 848 1065 corripit
868 1015 1065 1053 fortunam
1093 1020 1132 1052 et
1153 1014 1212 1052 sui
1233 1021 1399 1053 euentus
1424 1015 1738 1053 inconstanciam
1754 1016 1965 1066 deplangit.

516 1081 569 1118 iii.
600 1081 682 1118 Hic
702 1080 889 1119 describit
908 1081 1106 1119 fortunam
1128 1079 1350 1118 secundum
1370 1080 1536 1130 aliquos,
1559 1081 1626 1130 qui
1647 1087 1793 1119 sortem
1813 1082 1969 1122 fortune

579 1145 719 1185 dicunt
740 1158 825 1185 esse
846 1152 884 1184 et
905 1158 1053 1184 casum.

517 1212 584 1249 iiii.
616 1212 697 1249 Hic
727 1218 865 1249 tractat
895 1211 1054 1249 vlterius
1084 1210 1134 1249 de
1164 1211 1391 1249 mutacione
1420 1211 1576 1249 fortune
1609 1212 1830 1251 secundum
1859 1213 1969 1262 quod

579 1276 741 1315 dicunt:
772 1276 975 1314 concludit
1001 1283 1134 1314 tamen
1162 1276 1201 1313 in
1230 1276 1319 1323 fine,
1343 1276 1452 1326 quod
1479 1288 1610 1326 neque
1637 1266 1742 1315 sorte
1768 1283 1836 1315 aut
1862 1290 1967 1325 casu,

579 1349 637 1380 set
657 1354 704 1380 ex
726 1342 872 1380 meritis
892 1341 952 1379 vel
974 1341 1186 1389 demeritis,
1204 1348 1295 1379 sunt
1315 1353 1361 1379 ea
1377 1353 1454 1391 que
1470 1341 1700 1380 hominibus
1721 1343 1969 1393 contingunt.

516 1420 551 1445 v.
585 1407 675 1445 Hic
713 1407 808 1445 dicit
847 1406 1068 1445 secundum
1108 1406 1317 1456 scripturas
1356 1413 1395 1445 et
1432 1406 1584 1456 allegat,
1626 1407 1793 1457 qualiter
1830 1420 1970 1446 omnes

578 1478 755 1510 creature
775 1471 926 1510 homini
948 1471 1050 1509 iusto
1070 1471 1285 1509 seruientes
1306 1470 1510 1509 obediunt.

517 1537 565 1576 vi.
599 1538 681 1575 Hic
710 1544 849 1575 tractat
879 1537 1100 1575 secundum
1135 1537 1345 1586 scripturas
1379 1543 1418 1575 et
1451 1536 1604 1586 allegat,
1635 1537 1802 1586 qualiter
1830 1550 1970 1577 omnes

581 1609 757 1641 creature
777 1602 929 1640 homini
949 1602 1146 1651 peccatori
1167 1601 1421 1640 aduersantes
1442 1601 1690 1640 inobediunt.

517 1668 579 1706 vii.
613 1668 694 1705 Hic
720 1668 894 1717 loquitur
918 1667 969 1706 de
989 1667 1066 1705 deo
1087 1679 1244 1705 summo
1266 1667 1463 1714 Creatore,
1487 1667 1553 1717 qui
1575 1674 1633 1705 est
1653 1668 1778 1705 trinus
1798 1674 1836 1707 et
1856 1681 1968 1714 vnus,

581 1733 621 1770 in
641 1733 752 1771 cuius
774 1733 938 1771 scientia
959 1739 996 1770 et
1018 1732 1285 1782 disposicione
1305 1732 1440 1770 omnia
1460 1739 1589 1770 creata
1609 1740 1808 1782 reguntur.

517 1798 594 1836 viii.
627 1799 709 1836 Hic
742 1798 916 1848 loquitur
949 1798 1000 1836 de
1035 1798 1115 1835 filio
1148 1797 1213 1835 dei
1247 1798 1450 1835 incarnato
1484 1797 1650 1836 domino
1684 1805 1819 1837 nostro
1851 1799 1971 1837 Ihesu

581 1863 722 1909 Cristo‚
745 1875 815 1912 per
835 1875 954 1912 quem
975 1863 1026 1901 de
1046 1863 1152 1900 malo
1172 1863 1212 1900 in
1233 1862 1386 1901 bonum
1408 1862 1676 1901 reformamur.

520 1929 566 1966 ix.
601 1929 682 1966 Hic
704 1929 800 1967 dicit
820 1928 929 1978 quod
950 1927 1116 1977 quilibet
1138 1927 1258 1967 debet
1275 1928 1436 1965 firmiter
1456 1927 1626 1975 credere,
1645 1940 1719 1966 nec
1739 1928 1836 1967 vltra
1851 1941 1970 1979 quam

582 1994 697 2032 decet
716 2001 948 2043 argumenta
969 1994 1061 2032 fidei
1082 1993 1328 2043 inuestigare.

520 2072 553 2097 x.
588 2059 669 2096 Hic
689 2065 828 2096 tractat
848 2059 958 2107 quod
979 2059 1018 2095 in
1039 2071 1080 2097 re
1100 2060 1270 2108 sculptili
1290 2059 1352 2097 vel
1374 2059 1562 2097 conflatili
1585 2071 1666 2097 non
1693 2067 1751 2098 est
1771 2059 1972 2099 confiden-
1999 2103 2006 2109 N

583 2123 693 2169 dum,
724 2135 798 2160 nec
832 2123 958 2161 eciam
992 2123 1085 2161 talia
1118 2123 1272 2161 adorari
1306 2123 1466 2171 debent,
1503 2131 1562 2162 set
1596 2124 1705 2174 quod
1739 2136 1786 2162 ex
1824 2124 1898 2162 illis
1932 2124 1972 2162 in

583 2188 749 2226 ecclesia
774 2188 864 2226 visis
893 2200 1004 2226 mens
1034 2200 1207 2226 remorsa
1233 2188 1284 2226 ad
1311 2189 1440 2226 solum
1468 2189 1587 2227 deum
1617 2189 1972 2238 contemplandum

584 2253 706 2291 cicius
726 2259 1038 2291 commoneatur.

522 2318 569 2357 xi.
603 2318 684 2356 Hic
714 2318 809 2356 dicit
839 2318 948 2367 quod
978 2330 1107 2367 exquo
1142 2319 1248 2356 solus
1283 2318 1382 2356 deus
1411 2319 1546 2356 omnia
1585 2320 1742 2366 creauit,
1775 2319 1881 2357 solus
1915 2327 1972 2358 est

584 2396 607 2422 a
640 2383 826 2421 creaturis
858 2383 1097 2430 adorandus,
1133 2391 1171 2422 et
1202 2390 1260 2422 est
1289 2384 1415 2422 eciam
1445 2396 1587 2434 magne
1616 2385 1783 2423 racionis
1817 2392 1857 2423 vt
1890 2385 1973 2434 ipse

584 2448 719 2487 omnia
746 2447 951 2498 gubernet,
983 2454 1021 2486 et
1051 2449 1270 2487 secundum
1301 2449 1438 2487 merita
1467 2455 1506 2487 et
1540 2449 1731 2487 demerita
1764 2449 1972 2488 hominum

586 2513 691 2551 solus
713 2513 750 2550 in
773 2525 843 2551 sua
863 2513 1065 2551 voluntate
1085 2513 1242 2551 iudicet.

738 2611 996 2658 Expliciunt
1024 2610 1232 2658 Capitula
1260 2611 1363 2648 libri
1394 2610 1591 2651 secundi.

414 2726 458 2756 iii.
476 2735 496 2756 2
520 2729 554 2756 et
570 2735 636 2756 om.
657 2725 686 2756 D
871 2725 930 2758 iiii.
957 2726 981 2757 S
998 2725 1061 2757 lms
1075 2726 1138 2757 lost
1153 2736 1174 2756 a
1190 2725 1358 2768 leaf<Lib.
1380 2726 1423 2758 11.
1443 2726 1610 2758 iiii-Lib.
1630 2727 1691 2759 111.
1710 2727 1791 2767 xxii,
1811 2726 1971 2768 luxurie).

376 2777 455 2809 Text
459 2776 594 2816 follows
609 2777 634 2808 C
769 2788 798 2808 v.
829 2776 907 2809 This
922 2777 1065 2819 heading
1079 2787 1147 2809 om.
1168 2777 1198 2808 D
