2095 3173
669 241 857 283 IABER
897 243 1196 292 QUARTUS
1595 247 1669 295 167

312 347 522 387 Pellicibus
551 347 687 387 calidis
717 348 835 399 frigus
864 355 903 387 et
932 361 1050 387 omne
1079 350 1238 399 fugant:

311 413 374 452 Sic
403 413 568 464 gravitas
597 413 741 452 ventris
770 413 897 452 noctis
926 427 1007 452 non
1036 413 1156 464 surgit
1184 414 1224 452 in
1253 413 1370 461 horis,

311 479 398 517 Nec
426 492 501 517 vox
529 492 646 517 rauca
674 479 792 529 cipho
821 479 995 517 concinit
1023 481 1101 517 alta
1129 480 1261 517 choro.

313 545 488 582 Deuoret
515 543 556 581 in
585 556 723 582 mensa
750 543 837 581 talis
866 543 940 581 nisi
969 545 1115 582 fercula
1143 544 1264 594 plura,

311 609 489 646 Euacuet
517 609 647 658 plures
675 607 835 658 potibus
863 615 982 658 atque
1011 608 1161 658 ciphos,
1625 624 1667 654 30

309 675 425 712 Tunc
454 672 640 711 infirmari
670 686 711 711 se
740 673 875 720 credit,
907 681 945 711 et
974 673 1067 712 hinc
1096 673 1258 712 recreari

309 740 497 786 Postulat,
528 746 566 777 et
594 738 697 777 ludis
726 738 782 777 sic
810 746 922 777 vacat
950 738 1034 789 ipse
1064 739 1153 778 suis.

309 806 380 842 Est
409 818 500 842 nam
530 803 593 842 vix
621 805 746 843 fessus
775 818 798 842 a
826 803 987 854 potibus
1017 803 1081 843 ille
1111 805 1319 854 professus,

310 869 374 908 Sic
403 869 512 919 cupit
541 869 581 907 in
610 868 703 908 vino
732 871 932 920 dompnus
960 871 1099 908 adesse
1129 870 1232 908 deo:

306 933 455 972 Vinum
484 936 662 984 dumque
689 948 813 984 geres,
841 935 892 972 ad
921 947 963 973 se
991 934 1107 972 trahit
1136 935 1213 972 hoc
1242 933 1434 980 mulieres,

307 1001 415 1038 Dant
443 999 559 1038 simul
588 999 662 1038 ista
690 1001 771 1038 duo
800 1001 968 1038 claustra
996 999 1130 1038 relicta
1159 1000 1292 1038 modo.

305 1064 346 1103 Si
375 1065 504 1103 celum
534 1064 677 1114 poterit
706 1065 894 1103 calefacta
922 1072 1030 1103 veste
1059 1063 1209 1111 lucrari,

306 1131 357 1168 Et
384 1131 474 1180 gula
502 1143 594 1168 curn
623 1129 771 1180 superis
801 1129 924 1180 possit
952 1129 1097 1168 habere
1125 1131 1269 1176 locum,

304 1196 420 1233 Tunc
448 1202 546 1244 puto
575 1195 685 1245 quod
714 1195 932 1233 monachus
962 1207 1080 1232 causa
1109 1193 1282 1244 signatus
1309 1201 1471 1244 Vtraque

305 1259 494 1299 Conciuis
524 1259 628 1298 Petri
656 1259 775 1298 stabit
802 1259 843 1297 in
872 1272 960 1298 arce
989 1259 1080 1309 poli.
1617 1275 1660 1307 40

234 1418 314 1454 Hic
350 1418 533 1462 loquitur
574 1418 624 1453 de
661 1418 882 1453 monachis
923 1418 1019 1458 illis,
1059 1417 1127 1461 qui
1161 1418 1313 1453 contra
1345 1417 1466 1461 primi
1499 1417 1657 1452 ordinis

191 1479 360 1513 statuta
395 1477 656 1512 abstinencie
687 1477 887 1512 virtutem
919 1477 1168 1521 linquentes,
1202 1476 1428 1512 delicacias
1461 1477 1541 1511 sibi
1575 1486 1656 1512 cor·

190 1537 358 1579 porales
382 1536 667 1580 multipliciter
692 1537 926 1571 assumunt.

8 1632 12 1646 ἡ
77 1616 268 1666 Capm.fi.

356 1618 517 1655 Mortua
545 1630 637 1655 cum
666 1615 764 1654 viuis
794 1617 902 1654 nulla
930 1615 1087 1654 racione
1116 1616 1316 1662 coherent,

299 1682 449 1721 Orbem
478 1695 553 1720 nec
582 1695 750 1720 renuens
780 1681 886 1720 orbis
914 1682 966 1720 ad
995 1689 1083 1719 acta
1111 1679 1237 1719 redit:

297 1747 365 1785 Nil
395 1754 556 1785 tonsura
584 1746 704 1794 iuuat,
736 1745 858 1784 nichil
886 1754 954 1784 aut
982 1745 1170 1784 vilissima
1199 1744 1327 1792 vestis,

297 1812 337 1851 Si
366 1813 482 1862 lupus
511 1819 580 1859 est,
612 1810 794 1861 quamuis
824 1825 909 1849 esse
938 1810 1093 1849 videtur
1121 1809 1218 1849 ouis.

297 1879 402 1915 Nam
431 1875 510 1914 falli
539 1883 704 1926 possunt
733 1875 925 1921 homines,
958 1883 1015 1913 set
1043 1876 1175 1913 fallere
1206 1874 1389 1922 Cristum,

298 1941 379 1991 Qui
408 1943 560 1979 nullum
589 1940 696 1988 fallit,
728 1941 859 1978 fallere
888 1953 1007 1978 nemo
1036 1946 1189 1989 potest:

298 2007 370 2044 Ille
399 2005 562 2056 quidem
591 2006 726 2043 fucum
756 2004 923 2043 similate
952 2003 1148 2054 religionis

297 2073 510 2121 Dampnat‚
541 2078 580 2109 et
609 2071 660 2109 ad
689 2070 881 2109 nichilum
910 2076 1114 2119 computat
1142 2068 1240 2107 illud
1268 2083 1378 2119 opus.

295 2137 416 2174 Veste
444 2143 577 2174 tamen
606 2137 689 2173 sola
718 2136 936 2173 monachus
966 2133 1044 2171 iam
1074 2133 1179 2172 cedit
1207 2134 1258 2172 ab
1287 2135 1393 2181 orbe,

299 2202 348 2238 Et
377 2207 488 2251 putat
516 2200 557 2238 in
585 2201 711 2239 forma
740 2199 882 2238 sufficit
911 2200 1009 2237 ordo
1039 2198 1113 2237 sibi
1127 2213 1137 2247 3
1610 2219 1652 2250 50

297 2264 585 2316 Materiamque
614 2264 673 2303 sui
702 2272 810 2303 curat
838 2263 960 2302 nichil
988 2263 1136 2302 ordinis
1164 2265 1271 2310 vltra,

296 2329 426 2368 Vestis
455 2329 526 2368 erit
555 2331 792 2376 Monachus,
824 2342 936 2367 mens
966 2335 1004 2366 et
1032 2327 1072 2365 in
1102 2328 1197 2367 orbe
1226 2336 1350 2379 vagat.

295 2394 402 2433 Talis
431 2395 538 2434 enim
567 2396 801 2442 monachus,
831 2393 924 2444 quia
953 2393 1025 2432 seit
1054 2394 1163 2443 quod
1192 2393 1233 2431 in
1262 2394 1400 2433 ordine
1430 2395 1573 2433 ventris

295 2461 355 2497 Ex
383 2459 492 2498 tenui
520 2459 625 2498 victu
655 2472 820 2509 corpora
848 2472 934 2497 raro
963 2458 1106 2508 vigent,

295 2526 472 2563 Postulat
501 2524 576 2563 oris
605 2538 734 2575 opem,
767 2537 863 2574 quas
893 2531 931 2562 et
961 2522 1082 2573 magis
1111 2522 1261 2573 appetit
1289 2536 1398 2561 escas

294 2589 432 2636 Sumit,
462 2597 502 2627 vt
530 2603 577 2628 ex
605 2603 672 2628 ore
699 2588 842 2640 gaudia
870 2596 1005 2627 venter
1032 2595 1131 2638 agat.

296 2657 512 2694 Immemor
539 2653 623 2704 ipse
651 2653 780 2704 patris,
812 2653 984 2691 humeris
1014 2652 1082 2703 qui
1110 2654 1207 2691 ferre
1236 2652 1398 2699 solebat,

291 2720 395 2757 Vina
423 2732 494 2757 suo
523 2720 741 2758 monachus
769 2718 920 2769 optima
947 2726 1081 2756 ventre
1108 2717 1205 2768 gerit
1218 2731 1229 2765 3

294 2784 439 2823 Haurit
467 2791 505 2822 et
534 2783 574 2821 in
595 2785 844 2822 stomachum
873 2783 959 2821 talis
988 2784 1094 2821 velut
1122 2783 1314 2833 amphora
1343 2783 1532 2830 Bachum,

721 2901 763 2931 52
788 2895 861 2922 erat
876 2915 883 2922 .
900 2915 908 2922 .
924 2915 932 2924 .
950 2890 1030 2922 vrbe
1048 2890 1108 2921 DL
