2095 3173
403 245 479 286 150
872 231 1000 273 vox
1043 229 1402 272 CLAMANTIS

508 341 669 390 Isteque
698 338 824 389 signat
854 351 921 376 eos
951 350 1051 387 quos
1081 336 1208 374 carnis
1238 336 1341 373 fluxa
1369 336 1550 385 voluptas

509 404 704 443 Funditus
733 410 886 442 exercet
915 409 954 440 et
982 400 1190 440 retinendo
1219 400 1371 451 premit.
1786 414 1871 448 1590

510 472 582 508 Est
610 469 717 520 apud
745 467 930 517 antiquos
963 465 1049 504 ‘hic
1078 473 1117 504 et
1145 466 1240 503 hec'
1269 464 1413 504 dixisse
1445 465 1674 511 ‘sacerdos,’

511 533 654 572 Dicere
683 532 739 570 sic
768 539 806 570 et
835 544 908 570 nos
937 543 1149 582 possumus
1173 531 1264 568 ‘has
1294 537 1333 568 et
1362 543 1430 568 eos
1447 531 1476 568 :'

512 598 584 636 Hii
613 597 736 635 modo
765 609 938 646 namque
968 609 1038 634 sua
1067 595 1263 633 mundum
1293 596 1444 645 replent
1472 593 1651 645 genitura
1666 608 1675 641 3

513 663 553 702 Si
581 662 706 713 pietas
735 661 784 700 sit
812 661 878 709 ibi,
909 668 1000 700 sunt
1030 662 1152 699 modo
1181 661 1296 699 valde
1324 659 1389 710 pii.

514 730 606 768 Nox
635 734 673 767 et
702 740 822 775 amor,
854 726 1002 773 vinum,
1033 727 1186 764 nullum
1216 725 1459 764 moderabile
1488 726 1666 772 suadent,

516 795 608 843 Que
635 792 707 832 tria
735 790 959 843 presbiteris
988 798 1079 829 sunt
1108 791 1230 829 modo
1258 798 1353 829 nota
1382 790 1485 829 satis.

516 861 601 899 Stat
630 858 760 897 breuis
789 859 888 896 ordo
917 869 1091 907 precum,
1123 857 1219 895 dum
1249 857 1421 906 postulat
1450 856 1534 906 ipse
1562 855 1733 894 vicissim

519 925 667 964 Oscula
695 937 764 974 per
792 924 928 973 longas
958 921 1119 972 iungere
1147 935 1281 972 pressa
1309 935 1449 969 moras,

522 991 584 1030 ‘O
613 990 746 1036 sacer‚'
775 990 849 1027 hec
879 988 1027 1035 dicens,
1062 990 1204 1037 ‘quam
1233 988 1395 1037 longum
1425 994 1581 1037 tempus
1610 988 1662 1025 ad
1691 986 1788 1025 illud

520 1057 575 1094 Vt
603 1062 671 1094 tua
699 1054 777 1093 sint
805 1055 908 1092 collo
938 1052 1099 1091 brachia
1126 1066 1227 1091 nexa
1255 1053 1401 1091 meo?'
1799 1057 1883 1090 1600

576 1120 657 1170 Qui
684 1121 768 1159 vult
796 1132 956 1159 vxorem
985 1131 1140 1157 seruare
1169 1117 1244 1156 sibi
1273 1118 1395 1157 modo
1424 1124 1584 1165 castam,

522 1189 575 1226 Et
603 1187 773 1225 mundas
802 1198 977 1224 cameras
1007 1183 1135 1234 querit
1163 1184 1309 1222 habere
1339 1197 1439 1231 suas,

523 1252 699 1303 Longius
728 1265 752 1290 a
780 1264 936 1290 camera
965 1250 1013 1289 sit
1041 1249 1232 1301 presbiter
1260 1257 1380 1300 atque
1409 1249 1605 1295 columba,

523 1320 703 1358 Stercora
731 1316 861 1355 fundit
891 1330 947 1363 ea,
979 1315 1109 1354 fundit
1139 1322 1178 1353 et
1207 1314 1290 1366 ipse
1319 1322 1464 1366 stupra.

525 1383 687 1422 Sobrius
716 1396 739 1421 a
768 1395 916 1429 mensa,
948 1382 998 1420 de
1027 1382 1130 1419 lecto
1160 1380 1243 1419 siue
1272 1379 1440 1431 pudicus

526 1447 739 1498 Consurgit
767 1460 852 1485 raro
881 1445 1073 1497 presbiter
1100 1446 1184 1496 ipse
1213 1447 1317 1484 deo:

528 1515 673 1554 Cantat
701 1513 742 1551 in
771 1512 932 1551 excelsis
962 1525 1032 1549 sua
1060 1525 1135 1549 vox
1163 1510 1307 1561 agitata
1335 1510 1518 1558 tabernis,

529 1582 602 1618 Est
630 1584 689 1617 set
716 1577 757 1616 in
786 1576 961 1616 ecclesiis
990 1590 1066 1615 vox
1095 1576 1322 1614 taciturna
1350 1575 1495 1614 nimis:

532 1646 686 1684 Doctus
715 1650 753 1682 et
781 1656 805 1681 a
832 1642 925 1681 vino
955 1642 1048 1681 colit
1077 1641 1161 1692 ipse
1189 1643 1364 1691 lupanar,
1395 1648 1434 1680 et
1463 1640 1555 1679 illuc

532 1710 746 1748 Exorando
775 1708 843 1747 diu
873 1707 995 1746 flectit
1023 1714 1232 1757 Vtrumque
1261 1720 1376 1757 genu.
1810 1712 1894 1742 1610

533 1775 597 1814 Sic
626 1781 738 1813 vetus
768 1780 955 1823 expurgat
984 1774 1234 1819 fermentum,
1266 1773 1363 1810 dum
1393 1784 1498 1809 noua
1528 1770 1681 1821 spergit,

533 1841 628 1878 Non
658 1846 791 1877 tamen
820 1845 861 1876 vt
890 1838 1036 1875 Paulus
1065 1836 1230 1875 iusserat
1259 1835 1343 1886 ipse
1372 1835 1505 1886 prius:

533 1904 598 1944 Sic
627 1906 747 1942 altare
778 1905 873 1942 Baal
903 1903 1025 1941 modo
1054 1901 1276 1940 thurificare
1306 1902 1488 1939 sacerdos

534 1971 643 2018 Vult,
674 1983 744 2020 per
772 1982 892 2019 quem
921 1967 1001 2006 viui
1030 1968 1121 2006 feda
1149 1968 1192 2005 fit
1220 1980 1286 2005 ara
1315 1966 1390 2005 dei.

535 2034 685 2074 Sufficit
713 2048 790 2073 vna
819 2030 939 2072 michi
969 2032 1118 2080 mulier,
1150 2032 1210 2070 bis
1240 2045 1306 2071 sex
1335 2039 1469 2070 tamen
1498 2030 1582 2082 ipsi,

535 2101 589 2137 Vt
618 2099 753 2138 iuueni
781 2100 895 2149 gallo,
926 2111 1045 2136 cerno
1075 2096 1206 2136 subire
1235 2098 1368 2136 modo.

538 2165 602 2204 Sic
632 2178 740 2203 sacra
768 2163 972 2214 presbiteri
1001 2163 1201 2201 celebrant
1230 2162 1450 2212 solempnia
1480 2162 1614 2209 Bachi,

539 2229 799 2279 Ebrietasque
829 2228 951 2278 magis
982 2227 1247 2266 sanctificatur
1276 2227 1342 2265 eis.

539 2294 707 2334 Gentilis
737 2294 831 2332 ritus
861 2301 971 2332 vetus
1001 2292 1139 2342 incipit
1168 2305 1253 2330 esse
1283 2293 1507 2338 modernus,

538 2360 703 2399 Talibus
733 2366 771 2398 et
801 2358 918 2398 Cristi
946 2359 1008 2396 lex
1036 2357 1135 2408 perit
1163 2356 1248 2407 ipsa
1277 2356 1415 2406 quasi:
1818 2361 1903 2394 1620

540 2425 605 2465 Sic
634 2426 756 2464 modo
786 2425 1023 2474 templorum
1053 2424 1222 2460 cultores
1252 2429 1422 2471 suntque
1452 2421 1629 2467 deorum,

543 2494 637 2531 Plus
666 2491 706 2530 in
736 2493 887 2530 honore
916 2489 1060 2540 quibus
1090 2496 1165 2527 stat
1194 2490 1269 2527 dea
1298 2502 1453 2526 summa
1481 2490 1629 2526 Venus.

481 2625 558 2659 Hic
574 2625 758 2668 loquitur
776 2624 827 2658 de
846 2624 1051 2658 consueta
1065 2621 1391 2666 presbiterorum
1407 2620 1642 2665 v01uptate‚
1660 2622 1702 2656 et
1721 2620 1902 2664 qualiter

434 2684 492 2719 hii
509 2683 719 2728 stipendia
737 2683 870 2727 plebis
885 2693 936 2717 ex
950 2680 1235 2716 eonuencione
1253 2680 1481 2720 sumentes,
1496 2679 1692 2714 indeuote
1709 2689 1784 2724 pro
1802 2689 1906 2714 mor-

436 2743 521 2778 tuis
540 2743 700 2778 orando
718 2752 804 2775 non
822 2752 868 2777 se
885 2741 1020 2776 debite
1040 2740 1091 2774 acl
1110 2738 1313 2782 suffragia
1331 2739 1590 2773 mortuorum
1609 2739 1854 2774 exonerant.

293 2822 421 2871 Capm.
444 2817 516 2855 xxi.
604 2815 711 2866 Ignis
741 2817 841 2855 edax
870 2823 1011 2854 terram
1040 2821 1149 2853 vorat
1178 2820 1216 2852 et
1245 2812 1455 2851 nascencia
1483 2820 1582 2852 terre
1600 2828 1611 2861 3

978 2892 1057 2929 1617
1083 2889 1239 2920 solennia
1261 2888 1383 2919 CEDL
