2912 4368
867 771 1055 811 LIBER
1098 771 1337 812 PRIMUS

474 879 695 915 (jontentos
727 878 909 924 minimis,
941 878 1076 915 alterat
1107 890 1211 916 error
1240 890 1331 926 eos;

475 942 577 979 Nam
608 943 730 992 magis
760 950 798 980 vt
827 943 1040 980 comedant
1072 942 1145 980 sibi
1174 956 1307 992 grossa
1337 944 1529 983 cadauera
1560 954 1727 994 poscunt

473 1008 659 1056 Corporis
689 1008 862 1054 humani,
896 1020 973 1057 que
1004 1008 1075 1046 sibi
1107 1009 1189 1046 sola
1220 1010 1384 1057 placent.

474 1072 553 1119 Qui
583 1080 743 1121 patuere
774 1074 825 1121 pii
856 1073 1008 1111 dudum
1038 1074 1275 1122 cuicumque
1306 1076 1473 1122 vocanti,

472 1137 791 1187 Spectabantque
821 1151 961 1175 manus
992 1150 1068 1187 que
1094 1138 1263 1176 tribuere
1293 1139 1413 1187 cibos,

16 1196 42 1219 ’-
473 1203 542 1239 Hii
574 1202 696 1250 magis
727 1214 819 1240 ecce
848 1202 917 1240 feri
948 1203 1169 1241 falconibus
1200 1210 1318 1252 atque
1348 1218 1506 1253 rapaces

41 1259 97 1267 ““““
472 1268 714 1305 Pretendunt
745 1268 884 1316 predas
914 1268 950 1305 vi
981 1268 1154 1316 rapuisse
1185 1281 1284 1306 suas.
1768 1288 1833 1319 540

527 1333 606 1380 Qui
637 1333 736 1370 solet
767 1333 805 1369 in
837 1340 954 1371 nocte
982 1334 1106 1382 gallus
1135 1340 1304 1381 cantare,
1337 1335 1445 1384 quod
1476 1348 1614 1375 omnes

472 1398 567 1435 Eius
599 1398 638 1435 in
668 1399 806 1436 auditu
836 1399 979 1447 gaudia
1011 1399 1107 1437 serre
1138 1400 1276 1446 solent,

473 1463 628 1502 Clamat
659 1471 696 1501 vt
727 1464 913 1510 infernus,
947 1471 1182 1513 superatque
1213 1466 1383 1503 tonitrua
1414 1468 1519 1505 vocis

471 1529 645 1566 Horrida
675 1529 854 1567 terribilis
885 1530 967 1567 eius
997 1530 1047 1567 ab
1079 1543 1144 1568 ore
1175 1543 1319 1578 sonus3

471 1595 794 1644 Multociensque
825 1607 938 1632 suum
971 1596 1049 1633 fera
1077 1596 1218 1644 Coppa
1247 1597 1453 1645 pedisseca
1482 1598 1626 1647 gallum

472 1661 663 1697 Prouocat
693 1661 743 1698 ad
774 1660 876 1697 varia
908 1672 983 1709 que
1014 1668 1124 1708 putat
1154 1673 1239 1698 esse
1270 1661 1397 1708 mala3

470 1725 591 1772 Quod
622 1725 758 1774 nequit
788 1726 827 1761 in
859 1726 968 1762 factis
998 1737 1045 1763 ex
1076 1726 1190 1762 dictis
1221 1726 1372 1774 garrula
1403 1727 1539 1775 suplet,

469 1791 531 1828 Ad
562 1802 775 1827 commune
806 1791 955 1838 nephas
986 1791 1173 1839 milleque
1203 1791 1286 1828 sola
1316 1798 1461 1829 mouet.
1556 1786 1561 1791 ¹

469 1857 598 1893 Ancer
628 1867 665 1893 et
696 1856 778 1904 ipse
808 1868 931 1902 suam,
962 1867 1053 1893 cum
1085 1868 1161 1905 qua
1192 1868 1233 1893 se
1263 1856 1431 1903 miscuit,
1463 1869 1601 1895 aucam

468 1921 639 1970 Linquit,
671 1927 709 1958 et
739 1921 778 1957 in
809 1921 969 1969 predam
999 1921 1117 1969 spirat
1147 1920 1293 1971 vbique
1323 1933 1493 1961 nouam:
1766 1940 1829 1971 550

466 1986 599 2024 Sibula
628 1998 697 2035 per
725 1993 843 2024 tenua
874 1998 998 2035 nuper
1027 1986 1093 2035 qui
1124 1988 1257 2024 terruit
1286 1999 1405 2025 ancer

469 2052 645 2089 Infantes
676 2058 829 2089 tantum
860 2051 1110 2101 simplicitate
1141 2065 1220 2099 sua,

469 2118 586 2155 Nunc
616 2117 732 2154 nimis
763 2117 936 2155 horribili
967 2118 1097 2155 sonitu
1128 2124 1314 2166 perterret
1343 2118 1510 2165 adultos,

468 2183 599 2231 Atque
628 2183 750 2231 magis
781 2183 898 2220 fortes
930 2183 1142 2221 dilacerare
1171 2183 1292 2232 cupit.

523 2249 658 2297 Nuper
688 2255 725 2286 et
756 2249 829 2286 hec
859 2249 1062 2286 volucrum
1095 2248 1277 2286 bubones
1308 2260 1386 2297 que
1416 2249 1514 2287 solet
1546 2250 1601 2287 ira

469 2315 669 2361 Spernere,
703 2320 840 2360 cessat,
873 2321 910 2351 et
941 2321 999 2352 est
1029 2322 1123 2351 tunc
1153 2327 1263 2351 amor
1294 2314 1393 2352 inter
1423 2326 1503 2352 eos.

470 2379 567 2415 Esse
597 2379 681 2416 dies
711 2379 838 2416 licitos
869 2386 1055 2425 statuunt,
1089 2378 1233 2427 quibus
1262 2386 1345 2416 atra
1374 2379 1599 2428 frequenter

469 2444 647 2481 Furtiuas
678 2444 841 2481 dederat
872 2444 999 2481 noctis
1030 2456 1171 2492 ymago
1201 2444 1305 2482 vias:

468 2506 666 2545 Conuolat
695 2514 734 2543 vt
764 2507 894 2543 socius
923 2506 1056 2543 auium
1087 2507 1137 2544 de
1167 2518 1321 2544 carcere
1353 2505 1472 2553 bubo,

468 2572 586 2610 Liber
615 2579 652 2610 et
683 2572 721 2608 in
752 2572 901 2620 campis
931 2572 1147 2609 associatur
1177 2572 1242 2608 eis.
1765 2578 1827 2619 560

468 2638 561 2674 Hoc
590 2637 713 2675 fuerat
743 2643 909 2686 tempus,
942 2649 1021 2686 quo
1052 2636 1160 2674 bubo
1190 2649 1259 2685 per
1287 2648 1376 2674 aera
1406 2649 1555 2686 pennas

467 2702 647 2751 Colligat,
679 2709 717 2739 vt
748 2703 888 2751 predas
918 2708 1001 2739 tuta
1030 2714 1191 2739 mouere
1221 2708 1376 2750 potest:

468 2768 549 2805 Ista
578 2774 710 2805 tamen
741 2774 869 2805 turma
898 2775 1070 2816 pennata
1100 2779 1188 2805 suas
1217 2767 1385 2805 acuebat

468 2834 621 2871 Pennas
650 2845 742 2870 cum
773 2833 883 2879 ferro,
916 2845 996 2882 quo
1027 2840 1243 2871 moreretur
1273 2833 1405 2870 homo.

403 2961 479 2995 Hic
500 2961 598 2995 dicit
616 2971 661 2995 se
680 2971 751 3003 per
770 2961 1002 3004 sompnium
1022 2961 1241 3005 septimam
1260 2960 1376 3004 vulgi
1400 2961 1579 2994 turmam
1600 2960 1641 2994 in
1660 2970 1826 2995 muscas

359 3023 399 3054 et
419 3029 548 3054 ranas
565 3019 725 3054 vidisse
743 3020 961 3053 mutatam.

241 3103 331 3145 ἕψω,
356 3096 430 3132 viii.
520 3096 718 3143 Sompnus
745 3096 958 3133 continuus
988 3107 1076 3133 mea
1106 3095 1287 3144 sompnia
1317 3095 1575 3141 continuauit,

472 3162 522 3199 Et
552 3160 672 3199 dabat
701 3161 859 3198 vlterius
889 3162 999 3210 plura
1028 3162 1161 3199 videre
1191 3173 1306 3198 noua.

469 3226 648 3274 Amplior
678 3232 716 3263 vt
746 3226 872 3264 rabies
902 3233 1167 3264 monstrorum
1198 3226 1488 3274 multiplicetur,

470 3293 519 3329 Et
550 3291 658 3340 quod
689 3291 823 3339 iniqua
853 3292 975 3341 magis
1006 3292 1055 3329 sit
1085 3304 1225 3328 manus
1255 3298 1368 3328 aucta
1399 3291 1521 3337 malis,

468 3358 529 3394 En
560 3356 666 3394 venit
696 3368 814 3394 omne
843 3368 966 3405 genus
995 3369 1230 3403 muscarum,
1263 3368 1339 3405 que
1368 3356 1537 3394 lacerare

470 3421 672 3459 Morsibus
702 3428 739 3459 et
771 3421 936 3459 stimulis
967 3434 1087 3460 omne
1118 3421 1272 3459 salubre
1302 3428 1472 3467 vouent3
