<?xml version="1.0" encoding="UTF-8"?>
<!DOCTYPE html PUBLIC "-//W3C//DTD XHTML 1.0 Transitional//EN"
    "http://www.w3.org/TR/xhtml1/DTD/xhtml1-transitional.dtd">
<html xmlns="http://www.w3.org/1999/xhtml" xml:lang="en" lang="en">
 <head>
  <title>
</title>
<meta http-equiv="Content-Type" content="text/html;charset=utf-8" />
  <meta name='ocr-system' content='tesseract 3.04.00' />
  <meta name='ocr-capabilities' content='ocr_page ocr_carea ocr_par ocr_line ocrx_word'/>
</head>
<body>
  <div class='ocr_page' id='page_1' title='image "./completeworksofj04gowe_0184.png"; bbox 0 0 2912 4368; ppageno 0'>
   <div class='ocr_carea' id='block_1_1' title="bbox 0 0 2912 804">
    <p class='ocr_par' dir='ltr' id='par_1_1' title="bbox 0 0 2912 804">
     <span class='ocr_line' id='line_1_1' title="bbox 0 0 2912 804; baseline 0.028 -81"><span class='ocrx_word' id='word_1_1' title='bbox 0 0 2912 804; x_wconf 95' lang='lat' dir='ltr'>  </span> 
     </span>
    </p>
   </div>
   <div class='ocr_carea' id='block_1_2' title="bbox 988 1436 1201 1484">
    <p class='ocr_par' dir='ltr' id='par_1_2' title="bbox 988 1436 1201 1484">
     <span class='ocr_line' id='line_1_2' title="bbox 988 1436 1201 1484; baseline 0.009 -13"><span class='ocrx_word' id='word_1_2' title='bbox 988 1436 1115 1484; x_wconf 51' lang='grc' dir='ltr'>(Ἔφη).</span> <span class='ocrx_word' id='word_1_3' title='bbox 1139 1436 1201 1473; x_wconf 65' lang='lat' dir='ltr'>vii.</span> 
     </span>
    </p>
   </div>
   <div class='ocr_carea' id='block_1_3' title="bbox 0 2165 464 3403">
    <p class='ocr_par' dir='ltr' id='par_1_3' title="bbox 0 2165 464 3403">
     <span class='ocr_line' id='line_1_3' title="bbox 0 2165 460 2361; baseline 0 -131"><span class='ocrx_word' id='word_1_4' title='bbox 0 2165 460 2361; x_wconf 95' lang='lat' dir='ltr'>   </span> 
     </span>
     <span class='ocr_line' id='line_1_4' title="bbox 0 2361 460 2476; baseline 0 0"><span class='ocrx_word' id='word_1_5' title='bbox 0 2361 460 2476; x_wconf 95' lang='lat' dir='ltr'>  </span> 
     </span>
     <span class='ocr_line' id='line_1_5' title="bbox 0 2476 460 2560; baseline 0 1808"><span class='ocrx_word' id='word_1_6' title='bbox 0 2476 460 2560; x_wconf 95' lang='lat' dir='ltr'> </span> 
     </span>
     <span class='ocr_line' id='line_1_6' title="bbox 0 2560 460 2617; baseline 0 1751"><span class='ocrx_word' id='word_1_7' title='bbox 0 2560 460 2617; x_wconf 95' lang='lat' dir='ltr'> </span> 
     </span>
     <span class='ocr_line' id='line_1_7' title="bbox 0 2617 460 2686; baseline 0 1682"><span class='ocrx_word' id='word_1_8' title='bbox 0 2617 460 2686; x_wconf 95' lang='lat' dir='ltr'> </span> 
     </span>
     <span class='ocr_line' id='line_1_8' title="bbox 0 2686 462 2753; baseline 0 1615"><span class='ocrx_word' id='word_1_9' title='bbox 0 2686 462 2753; x_wconf 95' lang='lat' dir='ltr'> </span> 
     </span>
     <span class='ocr_line' id='line_1_9' title="bbox 0 2753 462 2819; baseline 0 1549"><span class='ocrx_word' id='word_1_10' title='bbox 0 2753 462 2819; x_wconf 95' lang='lat' dir='ltr'> </span> 
     </span>
     <span class='ocr_line' id='line_1_10' title="bbox 0 2819 462 2882; baseline 0 1486"><span class='ocrx_word' id='word_1_11' title='bbox 0 2819 462 2882; x_wconf 95' lang='lat' dir='ltr'> </span> 
     </span>
     <span class='ocr_line' id='line_1_11' title="bbox 0 2882 462 2948; baseline 0 1420"><span class='ocrx_word' id='word_1_12' title='bbox 0 2882 462 2948; x_wconf 95' lang='lat' dir='ltr'> </span> 
     </span>
     <span class='ocr_line' id='line_1_12' title="bbox 0 2948 462 3014; baseline 0 1354"><span class='ocrx_word' id='word_1_13' title='bbox 0 2948 462 3014; x_wconf 95' lang='lat' dir='ltr'> </span> 
     </span>
     <span class='ocr_line' id='line_1_13' title="bbox 0 3014 462 3078; baseline 0 1290"><span class='ocrx_word' id='word_1_14' title='bbox 0 3014 462 3078; x_wconf 95' lang='lat' dir='ltr'> </span> 
     </span>
     <span class='ocr_line' id='line_1_14' title="bbox 0 3078 462 3142; baseline 0 1226"><span class='ocrx_word' id='word_1_15' title='bbox 0 3078 462 3142; x_wconf 95' lang='lat' dir='ltr'> </span> 
     </span>
     <span class='ocr_line' id='line_1_15' title="bbox 0 3142 464 3206; baseline 0 1162"><span class='ocrx_word' id='word_1_16' title='bbox 0 3142 464 3206; x_wconf 95' lang='lat' dir='ltr'> </span> 
     </span>
     <span class='ocr_line' id='line_1_16' title="bbox 0 3206 464 3274; baseline 0 1094"><span class='ocrx_word' id='word_1_17' title='bbox 0 3206 464 3274; x_wconf 95' lang='lat' dir='ltr'> </span> 
     </span>
     <span class='ocr_line' id='line_1_17' title="bbox 0 3274 464 3403; baseline 0 -65"><span class='ocrx_word' id='word_1_18' title='bbox 0 3274 464 3403; x_wconf 95' lang='lat' dir='ltr'>  </span> 
     </span>
    </p>
   </div>
   <div class='ocr_carea' id='block_1_4' title="bbox 0 3403 1560 3465">
    <p class='ocr_par' dir='ltr' id='par_1_4' title="bbox 0 3403 1560 3465">
     <span class='ocr_line' id='line_1_18' title="bbox 0 3403 1560 3465; baseline 0 903"><span class='ocrx_word' id='word_1_19' title='bbox 0 3403 1560 3465; x_wconf 95' lang='lat' dir='ltr'> </span> 
     </span>
    </p>
   </div>
   <div class='ocr_carea' id='block_1_5' title="bbox 1604 743 2136 784">
    <p class='ocr_par' dir='ltr' id='par_1_5' title="bbox 1604 743 2136 784">
     <span class='ocr_line' id='line_1_19' title="bbox 1604 743 2136 784; baseline -0.004 0"><span class='ocrx_word' id='word_1_20' title='bbox 1604 743 1733 784; x_wconf 65' lang='lat' dir='ltr'>VOX</span> <span class='ocrx_word' id='word_1_21' title='bbox 1777 743 2136 784; x_wconf 78' lang='lat' dir='ltr'>CLAMANTIS</span> 
     </span>
    </p>
   </div>
   <div class='ocr_carea' id='block_1_6' title="bbox 1238 850 2344 1215">
    <p class='ocr_par' dir='ltr' id='par_1_6' title="bbox 1238 850 2344 965">
     <span class='ocr_line' id='line_1_20' title="bbox 1239 850 2344 899; baseline 0.001 -12"><span class='ocrx_word' id='word_1_22' title='bbox 1239 851 1303 887; x_wconf 76' lang='lat' dir='ltr'>Set</span> <span class='ocrx_word' id='word_1_23' title='bbox 1335 863 1424 887; x_wconf 87' lang='lat' dir='ltr'>cum</span> <span class='ocrx_word' id='word_1_24' title='bbox 1456 851 1683 899; x_wconf 76' lang='lat' dir='ltr'>transgressi</span> <span class='ocrx_word' id='word_1_25' title='bbox 1716 850 1880 897; x_wconf 83' lang='lat' dir='ltr'>fuerant,</span> <span class='ocrx_word' id='word_1_26' title='bbox 1914 859 2008 887; x_wconf 85' lang='lat' dir='ltr'>tunc</span> <span class='ocrx_word' id='word_1_27' title='bbox 2040 851 2164 888; x_wconf 82' lang='lat' dir='ltr'>hostis</span> <span class='ocrx_word' id='word_1_28' title='bbox 2195 850 2344 899; x_wconf 73' lang='lat' dir='ltr'>vbique</span> 
     </span>
     <span class='ocr_line' id='line_1_21' title="bbox 1238 916 2061 965; baseline 0.002 -14"><span class='ocrx_word' id='word_1_29' title='bbox 1238 917 1386 962; x_wconf 57' lang='lat' dir='ltr'>Ueios,</span> <span class='ocrx_word' id='word_1_30' title='bbox 1419 917 1609 965; x_wconf 49' lang='lat' dir='ltr'>captiuos</span> <span class='ocrx_word' id='word_1_31' title='bbox 1643 923 1815 953; x_wconf 90' lang='lat' dir='ltr'>sternere</span> <span class='ocrx_word' id='word_1_32' title='bbox 1846 916 1950 964; x_wconf 80' lang='lat' dir='ltr'>cepit</span> <span class='ocrx_word' id='word_1_33' title='bbox 1981 928 2061 953; x_wconf 87' lang='lat' dir='ltr'>eos.</span> 
     </span>
    </p>

    <p class='ocr_par' dir='ltr' id='par_1_7' title="bbox 1239 981 2238 1096">
     <span class='ocr_line' id='line_1_22' title="bbox 1239 981 2238 1030; baseline 0.002 -13"><span class='ocrx_word' id='word_1_34' title='bbox 1239 982 1296 1018; x_wconf 70' lang='lat' dir='ltr'>Ex</span> <span class='ocrx_word' id='word_1_35' title='bbox 1328 982 1474 1019; x_wconf 80' lang='lat' dir='ltr'>meritis</span> <span class='ocrx_word' id='word_1_36' title='bbox 1506 982 1566 1019; x_wconf 73' lang='lat' dir='ltr'>vel</span> <span class='ocrx_word' id='word_1_37' title='bbox 1597 981 1796 1019; x_wconf 87' lang='lat' dir='ltr'>demeritis</span> <span class='ocrx_word' id='word_1_38' title='bbox 1828 982 1882 1018; x_wconf 91' lang='lat' dir='ltr'>sic</span> <span class='ocrx_word' id='word_1_39' title='bbox 1913 982 2077 1030; x_wconf 77' lang='lat' dir='ltr'>contigit</span> <span class='ocrx_word' id='word_1_40' title='bbox 2107 994 2238 1027; x_wconf 81' lang='lat' dir='ltr'>omne,</span> 
     </span>
     <span class='ocr_line' id='line_1_23' title="bbox 1240 1047 2142 1096; baseline 0.001 -13"><span class='ocrx_word' id='word_1_41' title='bbox 1240 1048 1431 1084; x_wconf 86' lang='lat' dir='ltr'>Humano</span> <span class='ocrx_word' id='word_1_42' title='bbox 1461 1047 1595 1096; x_wconf 81' lang='lat' dir='ltr'>generi</span> <span class='ocrx_word' id='word_1_43' title='bbox 1626 1047 1817 1095; x_wconf 78' lang='lat' dir='ltr'>quicquid</span> <span class='ocrx_word' id='word_1_44' title='bbox 1848 1047 1988 1084; x_wconf 87' lang='lat' dir='ltr'>adesse</span> <span class='ocrx_word' id='word_1_45' title='bbox 2019 1048 2142 1085; x_wconf 90' lang='lat' dir='ltr'>solet:</span> 
     </span>
    </p>

    <p class='ocr_par' dir='ltr' id='par_1_8' title="bbox 1238 1111 2102 1159">
     <span class='ocr_line' id='line_1_24' title="bbox 1238 1111 2102 1159; baseline 0 -10"><span class='ocrx_word' id='word_1_46' title='bbox 1238 1113 1300 1149; x_wconf 70' lang='lat' dir='ltr'>Sic</span> <span class='ocrx_word' id='word_1_47' title='bbox 1331 1113 1435 1149; x_wconf 68' lang='lat' dir='ltr'>vario</span> <span class='ocrx_word' id='word_1_48' title='bbox 1467 1124 1559 1149; x_wconf 90' lang='lat' dir='ltr'>casu</span> <span class='ocrx_word' id='word_1_49' title='bbox 1591 1111 1806 1149; x_wconf 79' lang='lat' dir='ltr'>versabitur</span> <span class='ocrx_word' id='word_1_50' title='bbox 1836 1113 1920 1150; x_wconf 89' lang='lat' dir='ltr'>alea</span> <span class='ocrx_word' id='word_1_51' title='bbox 1951 1112 2102 1159; x_wconf 83' lang='lat' dir='ltr'>mundi,</span> 
     </span>
    </p>

    <p class='ocr_par' dir='ltr' id='par_1_9' title="bbox 1240 1177 2229 1215">
     <span class='ocr_line' id='line_1_25' title="bbox 1240 1177 2229 1215; baseline 0.001 -1"><span class='ocrx_word' id='word_1_52' title='bbox 1240 1179 1345 1214; x_wconf 72' lang='lat' dir='ltr'>Dum</span> <span class='ocrx_word' id='word_1_53' title='bbox 1377 1178 1476 1215; x_wconf 88' lang='lat' dir='ltr'>solet</span> <span class='ocrx_word' id='word_1_54' title='bbox 1509 1178 1546 1214; x_wconf 91' lang='lat' dir='ltr'>in</span> <span class='ocrx_word' id='word_1_55' title='bbox 1577 1177 1694 1215; x_wconf 86' lang='lat' dir='ltr'>rebus</span> <span class='ocrx_word' id='word_1_56' title='bbox 1725 1178 1860 1215; x_wconf 85' lang='lat' dir='ltr'>ludere</span> <span class='ocrx_word' id='word_1_57' title='bbox 1892 1191 2045 1215; x_wconf 86' lang='lat' dir='ltr'>summa</span> <span class='ocrx_word' id='word_1_58' title='bbox 2076 1190 2229 1215; x_wconf 89' lang='lat' dir='ltr'>manus.</span> 
     </span>
    </p>
   </div>
   <div class='ocr_carea' id='block_1_7' title="bbox 1128 1308 2603 1412">
    <p class='ocr_par' dir='ltr' id='par_1_10' title="bbox 1128 1308 2603 1412">
     <span class='ocr_line' id='line_1_26' title="bbox 1173 1308 2603 1352; baseline 0.003 -11"><span class='ocrx_word' id='word_1_59' title='bbox 1173 1308 1251 1342; x_wconf 89' lang='lat' dir='ltr'>Hic</span> <span class='ocrx_word' id='word_1_60' title='bbox 1276 1308 1458 1351; x_wconf 79' lang='lat' dir='ltr'>loquitur</span> <span class='ocrx_word' id='word_1_61' title='bbox 1478 1308 1526 1343; x_wconf 88' lang='lat' dir='ltr'>de</span> <span class='ocrx_word' id='word_1_62' title='bbox 1549 1309 1625 1343; x_wconf 86' lang='lat' dir='ltr'>deo</span> <span class='ocrx_word' id='word_1_63' title='bbox 1650 1320 1809 1343; x_wconf 91' lang='lat' dir='ltr'>summo</span> <span class='ocrx_word' id='word_1_64' title='bbox 1833 1309 2046 1351; x_wconf 82' lang='lat' dir='ltr'>Creatore,</span> <span class='ocrx_word' id='word_1_65' title='bbox 2067 1309 2135 1352; x_wconf 87' lang='lat' dir='ltr'>qui</span> <span class='ocrx_word' id='word_1_66' title='bbox 2159 1311 2224 1344; x_wconf 84' lang='lat' dir='ltr'>est</span> <span class='ocrx_word' id='word_1_67' title='bbox 2251 1310 2389 1344; x_wconf 85' lang='lat' dir='ltr'>trinus</span> <span class='ocrx_word' id='word_1_68' title='bbox 2415 1312 2456 1345; x_wconf 78' lang='lat' dir='ltr'>et</span> <span class='ocrx_word' id='word_1_69' title='bbox 2481 1320 2603 1346; x_wconf 76' lang='lat' dir='ltr'>Vnus,</span> 
     </span>
     <span class='ocr_line' id='line_1_27' title="bbox 1128 1367 2437 1412; baseline 0.001 -12"><span class='ocrx_word' id='word_1_70' title='bbox 1128 1368 1169 1400; x_wconf 87' lang='lat' dir='ltr'>in</span> <span class='ocrx_word' id='word_1_71' title='bbox 1189 1367 1304 1401; x_wconf 85' lang='lat' dir='ltr'>cuius</span> <span class='ocrx_word' id='word_1_72' title='bbox 1330 1367 1514 1401; x_wconf 83' lang='lat' dir='ltr'>sciencia</span> <span class='ocrx_word' id='word_1_73' title='bbox 1534 1369 1575 1401; x_wconf 82' lang='lat' dir='ltr'>et</span> <span class='ocrx_word' id='word_1_74' title='bbox 1593 1367 1877 1411; x_wconf 83' lang='lat' dir='ltr'>disposicione</span> <span class='ocrx_word' id='word_1_75' title='bbox 1896 1368 2037 1402; x_wconf 80' lang='lat' dir='ltr'>omnia</span> <span class='ocrx_word' id='word_1_76' title='bbox 2056 1369 2201 1402; x_wconf 77' lang='lat' dir='ltr'>creata</span> <span class='ocrx_word' id='word_1_77' title='bbox 2220 1370 2437 1412; x_wconf 81' lang='lat' dir='ltr'>reguntur.</span> 
     </span>
    </p>
   </div>
   <div class='ocr_carea' id='block_1_8' title="bbox 1224 1436 2601 3445">
    <p class='ocr_par' dir='ltr' id='par_1_11' title="bbox 1234 1436 2601 1617">
     <span class='ocr_line' id='line_1_28' title="bbox 1289 1436 2420 1486; baseline 0.001 -13"><span class='ocrx_word' id='word_1_78' title='bbox 1289 1437 1359 1474; x_wconf 82' lang='lat' dir='ltr'>Est</span> <span class='ocrx_word' id='word_1_79' title='bbox 1390 1436 1488 1474; x_wconf 87' lang='lat' dir='ltr'>deus</span> <span class='ocrx_word' id='word_1_80' title='bbox 1519 1437 1773 1486; x_wconf 84' lang='lat' dir='ltr'>omnipotens</span> <span class='ocrx_word' id='word_1_81' title='bbox 1804 1438 1910 1474; x_wconf 92' lang='lat' dir='ltr'>solus</span> <span class='ocrx_word' id='word_1_82' title='bbox 1941 1437 2007 1486; x_wconf 81' lang='lat' dir='ltr'>qui</span> <span class='ocrx_word' id='word_1_83' title='bbox 2039 1444 2182 1474; x_wconf 82' lang='lat' dir='ltr'>cuncta</span> <span class='ocrx_word' id='word_1_84' title='bbox 2211 1436 2420 1486; x_wconf 79' lang='lat' dir='ltr'>gubernat,</span> 
     </span>
     <span class='ocr_line' id='line_1_29' title="bbox 1235 1502 2601 1551; baseline -0.001 -11"><span class='ocrx_word' id='word_1_85' title='bbox 1235 1502 1381 1540; x_wconf 85' lang='lat' dir='ltr'>Omnia</span> <span class='ocrx_word' id='word_1_86' title='bbox 1411 1503 1581 1551; x_wconf 84' lang='lat' dir='ltr'>preuidit</span> <span class='ocrx_word' id='word_1_87' title='bbox 1610 1510 1716 1540; x_wconf 86' lang='lat' dir='ltr'>totus</span> <span class='ocrx_word' id='word_1_88' title='bbox 1746 1503 1893 1551; x_wconf 66' lang='lat' dir='ltr'>vbique</span> <span class='ocrx_word' id='word_1_89' title='bbox 1922 1515 2114 1550; x_wconf 79' lang='lat' dir='ltr'>manens3</span> <span class='ocrx_word' id='word_1_90' title='bbox 2540 1518 2601 1548; x_wconf 68' lang='lat'>350</span> 
     </span>
     <span class='ocr_line' id='line_1_30' title="bbox 1234 1567 2229 1617; baseline 0.001 -12"><span class='ocrx_word' id='word_1_91' title='bbox 1234 1567 1380 1606; x_wconf 88' lang='lat' dir='ltr'>Omnia</span> <span class='ocrx_word' id='word_1_92' title='bbox 1410 1575 1573 1605; x_wconf 76' lang='lat' dir='ltr'>ventura</span> <span class='ocrx_word' id='word_1_93' title='bbox 1604 1568 1677 1605; x_wconf 83' lang='lat' dir='ltr'>sibi</span> <span class='ocrx_word' id='word_1_94' title='bbox 1709 1576 1799 1606; x_wconf 86' lang='lat' dir='ltr'>sunt</span> <span class='ocrx_word' id='word_1_95' title='bbox 1830 1569 2034 1617; x_wconf 76' lang='lat' dir='ltr'>presencia</span> <span class='ocrx_word' id='word_1_96' title='bbox 2064 1581 2229 1617; x_wconf 83' lang='lat' dir='ltr'>semper,</span> 
     </span>
    </p>

    <p class='ocr_par' dir='ltr' id='par_1_12' title="bbox 1234 1634 2236 1683">
     <span class='ocr_line' id='line_1_31' title="bbox 1234 1634 2236 1683; baseline 0.002 -13"><span class='ocrx_word' id='word_1_97' title='bbox 1234 1634 1366 1681; x_wconf 73' lang='lat' dir='ltr'>Quam</span> <span class='ocrx_word' id='word_1_98' title='bbox 1397 1634 1502 1682; x_wconf 91' lang='lat' dir='ltr'>prius</span> <span class='ocrx_word' id='word_1_99' title='bbox 1534 1641 1570 1671; x_wconf 88' lang='lat' dir='ltr'>et</span> <span class='ocrx_word' id='word_1_100' title='bbox 1602 1634 1708 1679; x_wconf 81' lang='lat' dir='ltr'>fiant,</span> <span class='ocrx_word' id='word_1_101' title='bbox 1740 1634 1814 1671; x_wconf 87' lang='lat' dir='ltr'>hec</span> <span class='ocrx_word' id='word_1_102' title='bbox 1845 1634 1956 1683; x_wconf 80' lang='lat' dir='ltr'>quasi</span> <span class='ocrx_word' id='word_1_103' title='bbox 1987 1635 2089 1671; x_wconf 83' lang='lat' dir='ltr'>facta</span> <span class='ocrx_word' id='word_1_104' title='bbox 2119 1634 2236 1672; x_wconf 77' lang='lat' dir='ltr'>videt.</span> 
     </span>
    </p>

    <p class='ocr_par' dir='ltr' id='par_1_13' title="bbox 1233 1699 2187 1749">
     <span class='ocr_line' id='line_1_32' title="bbox 1233 1699 2187 1749; baseline 0.002 -14"><span class='ocrx_word' id='word_1_105' title='bbox 1233 1701 1337 1736; x_wconf 69' lang='lat' dir='ltr'>Ante</span> <span class='ocrx_word' id='word_1_106' title='bbox 1367 1707 1583 1737; x_wconf 87' lang='lat' dir='ltr'>creaturam</span> <span class='ocrx_word' id='word_1_107' title='bbox 1614 1701 1767 1749; x_wconf 79' lang='lat' dir='ltr'>genitor</span> <span class='ocrx_word' id='word_1_108' title='bbox 1798 1699 1907 1745; x_wconf 84' lang='lat' dir='ltr'>deus,</span> <span class='ocrx_word' id='word_1_109' title='bbox 1941 1707 1978 1737; x_wconf 85' lang='lat' dir='ltr'>et</span> <span class='ocrx_word' id='word_1_110' title='bbox 2007 1701 2187 1749; x_wconf 75' lang='lat' dir='ltr'>genitura</span> 
     </span>
    </p>

    <p class='ocr_par' dir='ltr' id='par_1_14' title="bbox 1234 1765 2174 1814">
     <span class='ocr_line' id='line_1_33' title="bbox 1234 1765 2174 1814; baseline 0 -13"><span class='ocrx_word' id='word_1_111' title='bbox 1234 1765 1363 1801; x_wconf 85' lang='lat' dir='ltr'>Prima</span> <span class='ocrx_word' id='word_1_112' title='bbox 1393 1773 1579 1811; x_wconf 82' lang='lat' dir='ltr'>creatura,</span> <span class='ocrx_word' id='word_1_113' title='bbox 1613 1778 1810 1814; x_wconf 75' lang='lat' dir='ltr'>causaque</span> <span class='ocrx_word' id='word_1_114' title='bbox 1841 1765 1965 1814; x_wconf 86' lang='lat' dir='ltr'>prima</span> <span class='ocrx_word' id='word_1_115' title='bbox 1996 1778 2174 1803; x_wconf 90' lang='lat' dir='ltr'>mouens.</span> 
     </span>
    </p>

    <p class='ocr_par' dir='ltr' id='par_1_15' title="bbox 1233 1829 2396 1879">
     <span class='ocr_line' id='line_1_34' title="bbox 1233 1829 2396 1879; baseline 0 -11"><span class='ocrx_word' id='word_1_116' title='bbox 1233 1829 1365 1868; x_wconf 88' lang='lat' dir='ltr'>Omne</span> <span class='ocrx_word' id='word_1_117' title='bbox 1396 1831 1505 1879; x_wconf 77' lang='lat' dir='ltr'>quod</span> <span class='ocrx_word' id='word_1_118' title='bbox 1536 1839 1593 1868; x_wconf 85' lang='lat' dir='ltr'>est</span> <span class='ocrx_word' id='word_1_119' title='bbox 1625 1843 1709 1868; x_wconf 89' lang='lat' dir='ltr'>esse</span> <span class='ocrx_word' id='word_1_120' title='bbox 1740 1838 1889 1868; x_wconf 87' lang='lat' dir='ltr'>certum</span> <span class='ocrx_word' id='word_1_121' title='bbox 1922 1830 1995 1868; x_wconf 87' lang='lat' dir='ltr'>sibi</span> <span class='ocrx_word' id='word_1_122' title='bbox 2026 1838 2182 1879; x_wconf 84' lang='lat' dir='ltr'>tempus</span> <span class='ocrx_word' id='word_1_123' title='bbox 2213 1830 2396 1877; x_wconf 83' lang='lat' dir='ltr'>habebat,</span> 
     </span>
    </p>

    <p class='ocr_par' dir='ltr' id='par_1_16' title="bbox 1232 1896 2209 1945">
     <span class='ocr_line' id='line_1_35' title="bbox 1232 1896 2209 1945; baseline 0.001 -13"><span class='ocrx_word' id='word_1_124' title='bbox 1232 1896 1336 1933; x_wconf 67' lang='lat' dir='ltr'>Ante</span> <span class='ocrx_word' id='word_1_125' title='bbox 1367 1896 1528 1944; x_wconf 78' lang='lat' dir='ltr'>quidem</span> <span class='ocrx_word' id='word_1_126' title='bbox 1559 1903 1715 1945; x_wconf 86' lang='lat' dir='ltr'>tempus</span> <span class='ocrx_word' id='word_1_127' title='bbox 1747 1904 1803 1933; x_wconf 85' lang='lat' dir='ltr'>set</span> <span class='ocrx_word' id='word_1_128' title='bbox 1835 1896 1932 1933; x_wconf 87' lang='lat' dir='ltr'>deus</span> <span class='ocrx_word' id='word_1_129' title='bbox 1964 1908 2082 1933; x_wconf 88' lang='lat' dir='ltr'>omne</span> <span class='ocrx_word' id='word_1_130' title='bbox 2113 1896 2209 1934; x_wconf 81' lang='lat' dir='ltr'>fuit:</span> 
     </span>
    </p>

    <p class='ocr_par' dir='ltr' id='par_1_17' title="bbox 1231 1960 2593 2076">
     <span class='ocr_line' id='line_1_36' title="bbox 1231 1960 2593 2011; baseline 0.001 -12"><span class='ocrx_word' id='word_1_131' title='bbox 1231 1960 1362 1999; x_wconf 86' lang='lat' dir='ltr'>Omne</span> <span class='ocrx_word' id='word_1_132' title='bbox 1393 1962 1501 2010; x_wconf 75' lang='lat' dir='ltr'>quod</span> <span class='ocrx_word' id='word_1_133' title='bbox 1533 1969 1601 2008; x_wconf 87' lang='lat' dir='ltr'>est,</span> <span class='ocrx_word' id='word_1_134' title='bbox 1626 1962 1734 2011; x_wconf 74' lang='lat' dir='ltr'>quod</span> <span class='ocrx_word' id='word_1_135' title='bbox 1765 1969 1856 2008; x_wconf 81' lang='lat' dir='ltr'>erat,</span> <span class='ocrx_word' id='word_1_136' title='bbox 1887 1961 1996 2010; x_wconf 78' lang='lat' dir='ltr'>quod</span> <span class='ocrx_word' id='word_1_137' title='bbox 2027 1962 2107 2007; x_wconf 80' lang='lat' dir='ltr'>erit,</span> <span class='ocrx_word' id='word_1_138' title='bbox 2137 1962 2246 2011; x_wconf 81' lang='lat' dir='ltr'>quod</span> <span class='ocrx_word' id='word_1_139' title='bbox 2276 1962 2385 2000; x_wconf 85' lang='lat' dir='ltr'>ducit</span> <span class='ocrx_word' id='word_1_140' title='bbox 2418 1962 2468 2000; x_wconf 87' lang='lat' dir='ltr'>ad</span> <span class='ocrx_word' id='word_1_141' title='bbox 2498 1974 2593 2007; x_wconf 73' lang='lat' dir='ltr'>esse,</span> 
     </span>
     <span class='ocr_line' id='line_1_37' title="bbox 1232 2026 2188 2076; baseline 0.001 -13"><span class='ocrx_word' id='word_1_142' title='bbox 1232 2026 1301 2063; x_wconf 85' lang='lat' dir='ltr'>Est</span> <span class='ocrx_word' id='word_1_143' title='bbox 1332 2026 1441 2072; x_wconf 43' lang='lat' dir='ltr'>deu&amp;</span> <span class='ocrx_word' id='word_1_144' title='bbox 1474 2034 1511 2064; x_wconf 88' lang='lat' dir='ltr'>et</span> <span class='ocrx_word' id='word_1_145' title='bbox 1542 2039 1615 2064; x_wconf 90' lang='lat' dir='ltr'>nec</span> <span class='ocrx_word' id='word_1_146' title='bbox 1648 2028 1682 2064; x_wconf 93' lang='lat' dir='ltr'>ei</span> <span class='ocrx_word' id='word_1_147' title='bbox 1713 2028 1902 2076; x_wconf 85' lang='lat' dir='ltr'>temporis</span> <span class='ocrx_word' id='word_1_148' title='bbox 1934 2039 2019 2064; x_wconf 92' lang='lat' dir='ltr'>esse</span> <span class='ocrx_word' id='word_1_149' title='bbox 2049 2027 2188 2066; x_wconf 88' lang='lat' dir='ltr'>datur:</span> 
     </span>
    </p>

    <p class='ocr_par' dir='ltr' id='par_1_18' title="bbox 1232 2092 2249 2141">
     <span class='ocr_line' id='line_1_38' title="bbox 1232 2092 2249 2141; baseline 0.002 -13"><span class='ocrx_word' id='word_1_150' title='bbox 1232 2092 1350 2128; x_wconf 83' lang='lat' dir='ltr'>Nulla</span> <span class='ocrx_word' id='word_1_151' title='bbox 1381 2104 1504 2129; x_wconf 88' lang='lat' dir='ltr'>coeua</span> <span class='ocrx_word' id='word_1_152' title='bbox 1536 2092 1612 2129; x_wconf 89' lang='lat' dir='ltr'>deo</span> <span class='ocrx_word' id='word_1_153' title='bbox 1643 2099 1827 2141; x_wconf 84' lang='lat' dir='ltr'>poterunt</span> <span class='ocrx_word' id='word_1_154' title='bbox 1858 2105 1899 2130; x_wconf 93' lang='lat' dir='ltr'>se</span> <span class='ocrx_word' id='word_1_155' title='bbox 1929 2099 2108 2141; x_wconf 86' lang='lat' dir='ltr'>tempora</span> <span class='ocrx_word' id='word_1_156' title='bbox 2140 2093 2249 2139; x_wconf 86' lang='lat' dir='ltr'>ferre,</span> 
     </span>
    </p>

    <p class='ocr_par' dir='ltr' id='par_1_19' title="bbox 1231 2157 2595 2206">
     <span class='ocr_line' id='line_1_39' title="bbox 1231 2157 2595 2206; baseline 0.001 -13"><span class='ocrx_word' id='word_1_157' title='bbox 1231 2157 1293 2194; x_wconf 80' lang='lat' dir='ltr'>Sic</span> <span class='ocrx_word' id='word_1_158' title='bbox 1324 2164 1430 2205; x_wconf 87' lang='lat' dir='ltr'>patet</span> <span class='ocrx_word' id='word_1_159' title='bbox 1461 2164 1519 2194; x_wconf 86' lang='lat' dir='ltr'>est</span> <span class='ocrx_word' id='word_1_160' title='bbox 1550 2158 1736 2195; x_wconf 86' lang='lat' dir='ltr'>dominus</span> <span class='ocrx_word' id='word_1_161' title='bbox 1767 2158 1849 2194; x_wconf 90' lang='lat' dir='ltr'>iure</span> <span class='ocrx_word' id='word_1_162' title='bbox 1880 2158 2006 2206; x_wconf 90' lang='lat' dir='ltr'>priore</span> <span class='ocrx_word' id='word_1_163' title='bbox 2037 2158 2154 2195; x_wconf 89' lang='lat' dir='ltr'>deus.</span> <span class='ocrx_word' id='word_1_164' title='bbox 2531 2164 2595 2205; x_wconf 76' lang='lat'>360</span> 
     </span>
    </p>

    <p class='ocr_par' dir='ltr' id='par_1_20' title="bbox 1284 2222 2383 2272">
     <span class='ocr_line' id='line_1_40' title="bbox 1284 2222 2383 2272; baseline 0.001 -13"><span class='ocrx_word' id='word_1_165' title='bbox 1284 2222 1354 2259; x_wconf 86' lang='lat' dir='ltr'>Est</span> <span class='ocrx_word' id='word_1_166' title='bbox 1385 2230 1504 2271; x_wconf 76' lang='lat' dir='ltr'>pater,</span> <span class='ocrx_word' id='word_1_167' title='bbox 1535 2229 1593 2260; x_wconf 82' lang='lat' dir='ltr'>est</span> <span class='ocrx_word' id='word_1_168' title='bbox 1624 2231 1738 2260; x_wconf 87' lang='lat' dir='ltr'>natus</span> <span class='ocrx_word' id='word_1_169' title='bbox 1770 2223 1880 2269; x_wconf 84' lang='lat' dir='ltr'>deus,</span> <span class='ocrx_word' id='word_1_170' title='bbox 1904 2230 1962 2260; x_wconf 86' lang='lat' dir='ltr'>est</span> <span class='ocrx_word' id='word_1_171' title='bbox 1993 2230 2029 2260; x_wconf 87' lang='lat' dir='ltr'>et</span> <span class='ocrx_word' id='word_1_172' title='bbox 2060 2224 2216 2272; x_wconf 90' lang='lat' dir='ltr'>spiritus</span> <span class='ocrx_word' id='word_1_173' title='bbox 2246 2223 2383 2269; x_wconf 85' lang='lat' dir='ltr'>almus,</span> 
     </span>
    </p>

    <p class='ocr_par' dir='ltr' id='par_1_21' title="bbox 1229 2288 2149 2337">
     <span class='ocr_line' id='line_1_41' title="bbox 1229 2288 2149 2337; baseline 0.002 -12"><span class='ocrx_word' id='word_1_174' title='bbox 1229 2289 1327 2325; x_wconf 90' lang='lat' dir='ltr'>Tres</span> <span class='ocrx_word' id='word_1_175' title='bbox 1358 2289 1410 2325; x_wconf 86' lang='lat' dir='ltr'>ita</span> <span class='ocrx_word' id='word_1_176' title='bbox 1440 2301 1626 2337; x_wconf 82' lang='lat' dir='ltr'>personas</span> <span class='ocrx_word' id='word_1_177' title='bbox 1658 2289 1821 2325; x_wconf 85' lang='lat' dir='ltr'>nomina</span> <span class='ocrx_word' id='word_1_178' title='bbox 1851 2288 1950 2325; x_wconf 85' lang='lat' dir='ltr'>trina</span> <span class='ocrx_word' id='word_1_179' title='bbox 1982 2296 2149 2327; x_wconf 83' lang='lat' dir='ltr'>sonant:</span> 
     </span>
    </p>

    <p class='ocr_par' dir='ltr' id='par_1_22' title="bbox 1229 2353 2341 2403">
     <span class='ocr_line' id='line_1_42' title="bbox 1229 2353 2341 2403; baseline 0.001 -13"><span class='ocrx_word' id='word_1_180' title='bbox 1229 2353 1416 2401; x_wconf 80' lang='lat' dir='ltr'>Quelibet</span> <span class='ocrx_word' id='word_1_181' title='bbox 1447 2354 1510 2390; x_wconf 88' lang='lat' dir='ltr'>hic</span> <span class='ocrx_word' id='word_1_182' title='bbox 1541 2366 1709 2402; x_wconf 87' lang='lat' dir='ltr'>persona</span> <span class='ocrx_word' id='word_1_183' title='bbox 1740 2354 1838 2391; x_wconf 84' lang='lat' dir='ltr'>deus</span> <span class='ocrx_word' id='word_1_184' title='bbox 1869 2354 2138 2403; x_wconf 82' lang='lat' dir='ltr'>dominusque</span> <span class='ocrx_word' id='word_1_185' title='bbox 2166 2361 2341 2402; x_wconf 71' lang='lat' dir='ltr'>vocatur,</span> 
     </span>
    </p>

    <p class='ocr_par' dir='ltr' id='par_1_23' title="bbox 1228 2419 2201 2457">
     <span class='ocr_line' id='line_1_43' title="bbox 1228 2419 2201 2457; baseline 0 0"><span class='ocrx_word' id='word_1_186' title='bbox 1228 2419 1298 2456; x_wconf 87' lang='lat' dir='ltr'>Est</span> <span class='ocrx_word' id='word_1_187' title='bbox 1330 2419 1428 2457; x_wconf 83' lang='lat' dir='ltr'>deus</span> <span class='ocrx_word' id='word_1_188' title='bbox 1459 2426 1496 2457; x_wconf 83' lang='lat' dir='ltr'>et</span> <span class='ocrx_word' id='word_1_189' title='bbox 1526 2419 1712 2456; x_wconf 86' lang='lat' dir='ltr'>dominus</span> <span class='ocrx_word' id='word_1_190' title='bbox 1744 2419 1849 2456; x_wconf 87' lang='lat' dir='ltr'>solus</span> <span class='ocrx_word' id='word_1_191' title='bbox 1881 2426 1918 2456; x_wconf 89' lang='lat' dir='ltr'>et</span> <span class='ocrx_word' id='word_1_192' title='bbox 1948 2432 2047 2457; x_wconf 74' lang='lat' dir='ltr'>vnus</span> <span class='ocrx_word' id='word_1_193' title='bbox 2078 2420 2201 2457; x_wconf 86' lang='lat' dir='ltr'>idem.</span> 
     </span>
    </p>

    <p class='ocr_par' dir='ltr' id='par_1_24' title="bbox 1230 2482 2310 2534">
     <span class='ocr_line' id='line_1_44' title="bbox 1230 2482 2310 2534; baseline 0 -13"><span class='ocrx_word' id='word_1_194' title='bbox 1230 2485 1320 2522; x_wconf 88' lang='lat' dir='ltr'>Hee</span> <span class='ocrx_word' id='word_1_195' title='bbox 1350 2492 1441 2522; x_wconf 87' lang='lat' dir='ltr'>sunt</span> <span class='ocrx_word' id='word_1_196' title='bbox 1471 2497 1639 2533; x_wconf 85' lang='lat' dir='ltr'>persone</span> <span class='ocrx_word' id='word_1_197' title='bbox 1668 2491 1756 2530; x_wconf 85' lang='lat' dir='ltr'>tres,</span> <span class='ocrx_word' id='word_1_198' title='bbox 1789 2492 1845 2522; x_wconf 87' lang='lat' dir='ltr'>set</span> <span class='ocrx_word' id='word_1_199' title='bbox 1876 2482 2102 2522; x_wconf 84' lang='lat' dir='ltr'>substancia</span> <span class='ocrx_word' id='word_1_200' title='bbox 2133 2485 2310 2534; x_wconf 79' lang='lat' dir='ltr'>simplex,</span> 
     </span>
    </p>

    <p class='ocr_par' dir='ltr' id='par_1_25' title="bbox 1230 2550 2295 2595">
     <span class='ocr_line' id='line_1_45' title="bbox 1230 2550 2295 2595; baseline 0.002 -8"><span class='ocrx_word' id='word_1_201' title='bbox 1230 2551 1320 2587; x_wconf 89' lang='lat' dir='ltr'>Hee</span> <span class='ocrx_word' id='word_1_202' title='bbox 1350 2557 1426 2587; x_wconf 86' lang='lat' dir='ltr'>tres</span> <span class='ocrx_word' id='word_1_203' title='bbox 1457 2558 1547 2587; x_wconf 89' lang='lat' dir='ltr'>sunt</span> <span class='ocrx_word' id='word_1_204' title='bbox 1577 2563 1709 2595; x_wconf 65' lang='lat' dir='ltr'>vnum,</span> <span class='ocrx_word' id='word_1_205' title='bbox 1743 2563 1824 2587; x_wconf 87' lang='lat' dir='ltr'>non</span> <span class='ocrx_word' id='word_1_206' title='bbox 1855 2550 1936 2595; x_wconf 85' lang='lat' dir='ltr'>tria,</span> <span class='ocrx_word' id='word_1_207' title='bbox 1969 2557 2046 2587; x_wconf 87' lang='lat' dir='ltr'>tres</span> <span class='ocrx_word' id='word_1_208' title='bbox 2077 2557 2134 2587; x_wconf 85' lang='lat' dir='ltr'>set</span> <span class='ocrx_word' id='word_1_209' title='bbox 2164 2550 2295 2589; x_wconf 87' lang='lat' dir='ltr'>idem:</span> 
     </span>
    </p>

    <p class='ocr_par' dir='ltr' id='par_1_26' title="bbox 1230 2614 2339 2662">
     <span class='ocr_line' id='line_1_46' title="bbox 1230 2614 2339 2662; baseline 0.001 -11"><span class='ocrx_word' id='word_1_210' title='bbox 1230 2615 1320 2651; x_wconf 89' lang='lat' dir='ltr'>Hiis</span> <span class='ocrx_word' id='word_1_211' title='bbox 1350 2614 1474 2652; x_wconf 87' lang='lat' dir='ltr'>tribus</span> <span class='ocrx_word' id='word_1_212' title='bbox 1505 2628 1579 2652; x_wconf 89' lang='lat' dir='ltr'>vna</span> <span class='ocrx_word' id='word_1_213' title='bbox 1609 2623 1741 2653; x_wconf 87' lang='lat' dir='ltr'>manet</span> <span class='ocrx_word' id='word_1_214' title='bbox 1773 2616 1960 2660; x_wconf 86' lang='lat' dir='ltr'>essencia,</span> <span class='ocrx_word' id='word_1_215' title='bbox 1993 2622 2069 2652; x_wconf 85' lang='lat' dir='ltr'>tres</span> <span class='ocrx_word' id='word_1_216' title='bbox 2101 2615 2198 2653; x_wconf 86' lang='lat' dir='ltr'>deus</span> <span class='ocrx_word' id='word_1_217' title='bbox 2230 2628 2339 2662; x_wconf 86' lang='lat' dir='ltr'>vnus,</span> 
     </span>
    </p>

    <p class='ocr_par' dir='ltr' id='par_1_27' title="bbox 1229 2680 2264 2729">
     <span class='ocr_line' id='line_1_47' title="bbox 1229 2680 2264 2729; baseline 0.002 -13"><span class='ocrx_word' id='word_1_218' title='bbox 1229 2680 1308 2716; x_wconf 91' lang='lat' dir='ltr'>Hic</span> <span class='ocrx_word' id='word_1_219' title='bbox 1338 2680 1459 2717; x_wconf 84' lang='lat' dir='ltr'>nichil</span> <span class='ocrx_word' id='word_1_220' title='bbox 1488 2687 1555 2717; x_wconf 84' lang='lat' dir='ltr'>aut</span> <span class='ocrx_word' id='word_1_221' title='bbox 1585 2681 1710 2717; x_wconf 85' lang='lat' dir='ltr'>maius</span> <span class='ocrx_word' id='word_1_222' title='bbox 1740 2686 1806 2717; x_wconf 89' lang='lat' dir='ltr'>aut</span> <span class='ocrx_word' id='word_1_223' title='bbox 1836 2681 1966 2717; x_wconf 87' lang='lat' dir='ltr'>minus</span> <span class='ocrx_word' id='word_1_224' title='bbox 1997 2692 2082 2717; x_wconf 91' lang='lat' dir='ltr'>esse</span> <span class='ocrx_word' id='word_1_225' title='bbox 2112 2687 2264 2729; x_wconf 87' lang='lat' dir='ltr'>potest:</span> 
     </span>
    </p>

    <p class='ocr_par' dir='ltr' id='par_1_28' title="bbox 1225 2744 2337 2794">
     <span class='ocr_line' id='line_1_48' title="bbox 1225 2744 2337 2794; baseline 0.001 -14"><span class='ocrx_word' id='word_1_226' title='bbox 1225 2746 1314 2782; x_wconf 64' lang='lat' dir='ltr'>Vna</span> <span class='ocrx_word' id='word_1_227' title='bbox 1344 2744 1466 2782; x_wconf 82' lang='lat' dir='ltr'>tribus</span> <span class='ocrx_word' id='word_1_228' title='bbox 1498 2757 1619 2791; x_wconf 82' lang='lat' dir='ltr'>inens,</span> <span class='ocrx_word' id='word_1_229' title='bbox 1653 2757 1729 2781; x_wconf 79' lang='lat' dir='ltr'>vna</span> <span class='ocrx_word' id='word_1_230' title='bbox 1759 2745 1875 2781; x_wconf 87' lang='lat' dir='ltr'>trium</span> <span class='ocrx_word' id='word_1_231' title='bbox 1906 2745 2131 2782; x_wconf 84' lang='lat' dir='ltr'>substancia</span> <span class='ocrx_word' id='word_1_232' title='bbox 2161 2746 2337 2794; x_wconf 79' lang='lat' dir='ltr'>simplex,</span> 
     </span>
    </p>

    <p class='ocr_par' dir='ltr' id='par_1_29' title="bbox 1226 2809 2589 2858">
     <span class='ocr_line' id='line_1_49' title="bbox 1226 2809 2589 2858; baseline 0.001 -13"><span class='ocrx_word' id='word_1_233' title='bbox 1226 2810 1314 2846; x_wconf 64' lang='lat' dir='ltr'>Vna</span> <span class='ocrx_word' id='word_1_234' title='bbox 1343 2810 1467 2847; x_wconf 90' lang='lat' dir='ltr'>tribus</span> <span class='ocrx_word' id='word_1_235' title='bbox 1498 2809 1664 2855; x_wconf 77' lang='lat' dir='ltr'>bonitas,</span> <span class='ocrx_word' id='word_1_236' title='bbox 1699 2822 1774 2846; x_wconf 79' lang='lat' dir='ltr'>vna</span> <span class='ocrx_word' id='word_1_237' title='bbox 1805 2810 1951 2858; x_wconf 77' lang='lat' dir='ltr'>Sophia</span> <span class='ocrx_word' id='word_1_238' title='bbox 1982 2810 2111 2847; x_wconf 88' lang='lat' dir='ltr'>trium.</span> <span class='ocrx_word' id='word_1_239' title='bbox 2529 2827 2589 2856; x_wconf 69' lang='lat'>3&#39;0</span> 
     </span>
    </p>

    <p class='ocr_par' dir='ltr' id='par_1_30' title="bbox 1228 2875 2379 2989">
     <span class='ocr_line' id='line_1_50' title="bbox 1280 2875 2379 2924; baseline 0.001 -12"><span class='ocrx_word' id='word_1_240' title='bbox 1280 2875 1352 2912; x_wconf 85' lang='lat' dir='ltr'>Est</span> <span class='ocrx_word' id='word_1_241' title='bbox 1382 2875 1492 2924; x_wconf 83' lang='lat' dir='ltr'>ignis,</span> <span class='ocrx_word' id='word_1_242' title='bbox 1525 2875 1630 2912; x_wconf 85' lang='lat' dir='ltr'>calor</span> <span class='ocrx_word' id='word_1_243' title='bbox 1660 2883 1697 2912; x_wconf 90' lang='lat' dir='ltr'>et</span> <span class='ocrx_word' id='word_1_244' title='bbox 1728 2883 1859 2912; x_wconf 85' lang='lat' dir='ltr'>motus</span> <span class='ocrx_word' id='word_1_245' title='bbox 1890 2876 1972 2921; x_wconf 83' lang='lat' dir='ltr'>tria,</span> <span class='ocrx_word' id='word_1_246' title='bbox 2006 2875 2142 2924; x_wconf 80' lang='lat' dir='ltr'>sicque</span> <span class='ocrx_word' id='word_1_247' title='bbox 2172 2875 2379 2923; x_wconf 77' lang='lat' dir='ltr'>videntur3</span> 
     </span>
     <span class='ocr_line' id='line_1_51' title="bbox 1228 2939 2191 2989; baseline 0.001 -12"><span class='ocrx_word' id='word_1_248' title='bbox 1228 2940 1317 2977; x_wconf 87' lang='lat' dir='ltr'>Hee</span> <span class='ocrx_word' id='word_1_249' title='bbox 1347 2940 1417 2977; x_wconf 88' lang='lat' dir='ltr'>tria</span> <span class='ocrx_word' id='word_1_250' title='bbox 1448 2941 1502 2977; x_wconf 91' lang='lat' dir='ltr'>sic</span> <span class='ocrx_word' id='word_1_251' title='bbox 1533 2952 1687 2989; x_wconf 87' lang='lat' dir='ltr'>semper</span> <span class='ocrx_word' id='word_1_252' title='bbox 1717 2940 1890 2977; x_wconf 88' lang='lat' dir='ltr'>feruidus</span> <span class='ocrx_word' id='word_1_253' title='bbox 1919 2940 2017 2989; x_wconf 80' lang='lat' dir='ltr'>ignis</span> <span class='ocrx_word' id='word_1_254' title='bbox 2048 2939 2191 2978; x_wconf 85' lang='lat' dir='ltr'>habet:</span> 
     </span>
    </p>

    <p class='ocr_par' dir='ltr' id='par_1_31' title="bbox 1225 3005 2142 3054">
     <span class='ocr_line' id='line_1_52' title="bbox 1225 3005 2142 3054; baseline 0 -11"><span class='ocrx_word' id='word_1_255' title='bbox 1225 3006 1288 3043; x_wconf 86' lang='lat' dir='ltr'>Sic</span> <span class='ocrx_word' id='word_1_256' title='bbox 1317 3012 1427 3054; x_wconf 84' lang='lat' dir='ltr'>pater</span> <span class='ocrx_word' id='word_1_257' title='bbox 1457 3012 1496 3043; x_wconf 84' lang='lat' dir='ltr'>et</span> <span class='ocrx_word' id='word_1_258' title='bbox 1525 3012 1640 3042; x_wconf 84' lang='lat' dir='ltr'>natus</span> <span class='ocrx_word' id='word_1_259' title='bbox 1671 3013 1707 3042; x_wconf 89' lang='lat' dir='ltr'>et</span> <span class='ocrx_word' id='word_1_260' title='bbox 1739 3005 1893 3053; x_wconf 87' lang='lat' dir='ltr'>spiritus</span> <span class='ocrx_word' id='word_1_261' title='bbox 1925 3006 1963 3041; x_wconf 84' lang='lat' dir='ltr'>in</span> <span class='ocrx_word' id='word_1_262' title='bbox 1995 3005 2142 3043; x_wconf 85' lang='lat' dir='ltr'>deitate</span> 
     </span>
    </p>

    <p class='ocr_par' dir='ltr' id='par_1_32' title="bbox 1224 3070 2183 3118">
     <span class='ocr_line' id='line_1_53' title="bbox 1224 3070 2183 3118; baseline 0 -11"><span class='ocrx_word' id='word_1_263' title='bbox 1224 3072 1321 3108; x_wconf 90' lang='lat' dir='ltr'>Tres</span> <span class='ocrx_word' id='word_1_264' title='bbox 1351 3077 1455 3116; x_wconf 85' lang='lat' dir='ltr'>sunt,</span> <span class='ocrx_word' id='word_1_265' title='bbox 1489 3078 1526 3108; x_wconf 86' lang='lat' dir='ltr'>et</span> <span class='ocrx_word' id='word_1_266' title='bbox 1556 3071 1684 3108; x_wconf 83' lang='lat' dir='ltr'>solum</span> <span class='ocrx_word' id='word_1_267' title='bbox 1715 3083 1805 3107; x_wconf 88' lang='lat' dir='ltr'>cum</span> <span class='ocrx_word' id='word_1_268' title='bbox 1837 3070 2000 3118; x_wconf 84' lang='lat' dir='ltr'>paritate</span> <span class='ocrx_word' id='word_1_269' title='bbox 2031 3077 2183 3107; x_wconf 80' lang='lat' dir='ltr'>notant.</span> 
     </span>
    </p>

    <p class='ocr_par' dir='ltr' id='par_1_33' title="bbox 1224 3134 2381 3182">
     <span class='ocr_line' id='line_1_54' title="bbox 1224 3134 2381 3182; baseline 0.001 -9"><span class='ocrx_word' id='word_1_270' title='bbox 1224 3135 1328 3173; x_wconf 87' lang='lat' dir='ltr'>Cum</span> <span class='ocrx_word' id='word_1_271' title='bbox 1358 3136 1545 3173; x_wconf 87' lang='lat' dir='ltr'>dominus</span> <span class='ocrx_word' id='word_1_272' title='bbox 1576 3136 1690 3182; x_wconf 87' lang='lat' dir='ltr'>dicat,</span> <span class='ocrx_word' id='word_1_273' title='bbox 1726 3135 1970 3172; x_wconf 85' lang='lat' dir='ltr'>‘Hominem</span> <span class='ocrx_word' id='word_1_274' title='bbox 2001 3134 2215 3182; x_wconf 85' lang='lat' dir='ltr'>facianius‚⁷</span> <span class='ocrx_word' id='word_1_275' title='bbox 2246 3136 2284 3172; x_wconf 87' lang='lat' dir='ltr'>in</span> <span class='ocrx_word' id='word_1_276' title='bbox 2316 3136 2381 3174; x_wconf 87' lang='lat' dir='ltr'>illo</span> 
     </span>
    </p>

    <p class='ocr_par' dir='ltr' id='par_1_34' title="bbox 1224 3199 2132 3249">
     <span class='ocr_line' id='line_1_55' title="bbox 1224 3199 2132 3249; baseline -0.001 -11"><span class='ocrx_word' id='word_1_277' title='bbox 1224 3200 1376 3238; x_wconf 86' lang='lat' dir='ltr'>Clarius</span> <span class='ocrx_word' id='word_1_278' title='bbox 1408 3200 1579 3238; x_wconf 84' lang='lat' dir='ltr'>insinuat</span> <span class='ocrx_word' id='word_1_279' title='bbox 1609 3213 1686 3249; x_wconf 79' lang='lat' dir='ltr'>que</span> <span class='ocrx_word' id='word_1_280' title='bbox 1717 3201 1763 3238; x_wconf 87' lang='lat' dir='ltr'>sit</span> <span class='ocrx_word' id='word_1_281' title='bbox 1794 3200 1979 3237; x_wconf 83' lang='lat' dir='ltr'>habenda</span> <span class='ocrx_word' id='word_1_282' title='bbox 2010 3199 2132 3237; x_wconf 87' lang='lat' dir='ltr'>fides:</span> 
     </span>
    </p>

    <p class='ocr_par' dir='ltr' id='par_1_35' title="bbox 1226 3265 2240 3314">
     <span class='ocr_line' id='line_1_56' title="bbox 1226 3265 2240 3314; baseline 0.002 -13"><span class='ocrx_word' id='word_1_283' title='bbox 1226 3265 1305 3301; x_wconf 91' lang='lat' dir='ltr'>Hic</span> <span class='ocrx_word' id='word_1_284' title='bbox 1336 3277 1506 3313; x_wconf 88' lang='lat' dir='ltr'>persona</span> <span class='ocrx_word' id='word_1_285' title='bbox 1536 3266 1673 3314; x_wconf 79' lang='lat' dir='ltr'>triplex</span> <span class='ocrx_word' id='word_1_286' title='bbox 1702 3272 1863 3302; x_wconf 86' lang='lat' dir='ltr'>auctore</span> <span class='ocrx_word' id='word_1_287' title='bbox 1894 3271 2051 3302; x_wconf 88' lang='lat' dir='ltr'>notatur</span> <span class='ocrx_word' id='word_1_288' title='bbox 2081 3265 2120 3301; x_wconf 92' lang='lat' dir='ltr'>in</span> <span class='ocrx_word' id='word_1_289' title='bbox 2150 3278 2240 3312; x_wconf 81' lang='lat' dir='ltr'>vno,</span> 
     </span>
    </p>

    <p class='ocr_par' dir='ltr' id='par_1_36' title="bbox 1224 3330 2148 3445">
     <span class='ocr_line' id='line_1_57' title="bbox 1224 3330 2068 3379; baseline -0.001 -11"><span class='ocrx_word' id='word_1_290' title='bbox 1224 3330 1327 3368; x_wconf 85' lang='lat' dir='ltr'>Cum</span> <span class='ocrx_word' id='word_1_291' title='bbox 1359 3337 1517 3368; x_wconf 85' lang='lat' dir='ltr'>maneat</span> <span class='ocrx_word' id='word_1_292' title='bbox 1548 3331 1713 3379; x_wconf 83' lang='lat' dir='ltr'>simplex</span> <span class='ocrx_word' id='word_1_293' title='bbox 1744 3331 1781 3367; x_wconf 89' lang='lat' dir='ltr'>in</span> <span class='ocrx_word' id='word_1_294' title='bbox 1813 3330 1958 3368; x_wconf 86' lang='lat' dir='ltr'>deitate</span> <span class='ocrx_word' id='word_1_295' title='bbox 1989 3342 2068 3368; x_wconf 84' lang='lat' dir='ltr'>sua.</span> 
     </span>
     <span class='ocr_line' id='line_1_58' title="bbox 1560 3405 2148 3445; baseline 0 -10"><span class='ocrx_word' id='word_1_296' title='bbox 1560 3415 1624 3445; x_wconf 83' lang='lat'>377</span> <span class='ocrx_word' id='word_1_297' title='bbox 1652 3405 1718 3436; x_wconf 89' lang='lat' dir='ltr'>Hic</span> <span class='ocrx_word' id='word_1_298' title='bbox 1737 3405 1894 3436; x_wconf 84' lang='lat' dir='ltr'>SCEHG</span> <span class='ocrx_word' id='word_1_299' title='bbox 1942 3405 2016 3436; x_wconf 80' lang='lat' dir='ltr'>Hee</span> <span class='ocrx_word' id='word_1_300' title='bbox 2036 3405 2148 3436; x_wconf 77' lang='lat' dir='ltr'>DLH2</span> 
     </span>
    </p>
   </div>
   <div class='ocr_carea' id='block_1_9' title="bbox 0 723 2912 2165">
    <p class='ocr_par' dir='ltr' id='par_1_37' title="bbox 0 723 2912 2165">
     <span class='ocr_line' id='line_1_59' title="bbox 2136 723 2912 804; baseline 0 3564"><span class='ocrx_word' id='word_1_301' title='bbox 2136 723 2912 804; x_wconf 95' lang='lat' dir='ltr'> </span> 
     </span>
     <span class='ocr_line' id='line_1_60' title="bbox 0 923 462 1120; baseline 0 -66"><span class='ocrx_word' id='word_1_302' title='bbox 0 923 462 1120; x_wconf 95' lang='lat' dir='ltr'>   </span> 
     </span>
     <span class='ocr_line' id='line_1_61' title="bbox 0 1120 460 1234; baseline 0 0"><span class='ocrx_word' id='word_1_303' title='bbox 0 1120 460 1234; x_wconf 95' lang='lat' dir='ltr'>  </span> 
     </span>
     <span class='ocr_line' id='line_1_62' title="bbox 0 1234 460 1374; baseline 0 -88"><span class='ocrx_word' id='word_1_304' title='bbox 0 1234 460 1374; x_wconf 95' lang='lat' dir='ltr'>  </span> 
     </span>
     <span class='ocr_line' id='line_1_63' title="bbox 0 1374 460 1575; baseline 0 -66"><span class='ocrx_word' id='word_1_305' title='bbox 0 1374 460 1575; x_wconf 95' lang='lat' dir='ltr'>    </span> 
     </span>
     <span class='ocr_line' id='line_1_64' title="bbox 0 1575 460 1774; baseline 0 -132"><span class='ocrx_word' id='word_1_306' title='bbox 0 1575 460 1774; x_wconf 95' lang='lat' dir='ltr'>   </span> 
     </span>
     <span class='ocr_line' id='line_1_65' title="bbox 0 1774 460 1838; baseline 0 2530"><span class='ocrx_word' id='word_1_307' title='bbox 0 1774 460 1838; x_wconf 95' lang='lat' dir='ltr'> </span> 
     </span>
     <span class='ocr_line' id='line_1_66' title="bbox 0 1838 460 1904; baseline 0 2464"><span class='ocrx_word' id='word_1_308' title='bbox 0 1838 460 1904; x_wconf 95' lang='lat' dir='ltr'> </span> 
     </span>
     <span class='ocr_line' id='line_1_67' title="bbox 0 1904 460 1969; baseline 0 2399"><span class='ocrx_word' id='word_1_309' title='bbox 0 1904 460 1969; x_wconf 95' lang='lat' dir='ltr'> </span> 
     </span>
     <span class='ocr_line' id='line_1_68' title="bbox 0 1969 460 2036; baseline 0 2332"><span class='ocrx_word' id='word_1_310' title='bbox 0 1969 460 2036; x_wconf 95' lang='lat' dir='ltr'> </span> 
     </span>
     <span class='ocr_line' id='line_1_69' title="bbox 0 2036 460 2165; baseline 0 -64"><span class='ocrx_word' id='word_1_311' title='bbox 0 2036 460 2165; x_wconf 95' lang='lat' dir='ltr'>  </span> 
     </span>
    </p>
   </div>
   <div class='ocr_carea' id='block_1_10' title="bbox 0 3402 2912 4368">
    <p class='ocr_par' dir='ltr' id='par_1_38' title="bbox 0 3402 2912 4368">
     <span class='ocr_line' id='line_1_70' title="bbox 0 3402 2912 4368; baseline 0 2"><span class='ocrx_word' id='word_1_312' title='bbox 0 3402 2912 4368; x_wconf 95' lang='lat' dir='ltr'> </span> 
     </span>
    </p>
   </div>
  </div>
 </body>
</html>
