2095 3173
644 232 834 272 LIBER
876 232 1115 273 PRIMUS
1550 236 1603 282 69

244 337 425 387 Desuper
454 339 508 377 ira
538 344 660 386 tonat,
694 338 833 376 subtus
864 344 1100 388 rumpuntur
1127 337 1261 386 abissi,

243 403 295 441 Et
324 404 374 442 de
402 404 617 443 visceribus
646 411 746 444 terra
775 405 923 442 fluenta
952 405 1098 452 vomit;

243 468 428 507 Insolitas
457 470 611 519 pluuias
642 469 768 508 nubes
798 469 965 508 effundit
994 476 1032 508 et
1061 469 1196 517 vndas‚

241 533 417 572 Sustinet
446 535 673 572 innumeras
703 535 877 584 vndique
907 534 1018 571 nauis
1048 546 1125 572 eas.
1523 549 1602 580 170:-

244 599 389 637 Nescia
417 599 553 649 sicque
582 612 729 650 vagans
759 600 872 637 nauis
903 612 981 649 qua
1010 606 1115 637 sorte
1144 600 1303 647 fruatur,

242 664 411 713 Equoris
440 671 479 702 et
508 665 642 714 pluuie
672 665 727 703 sic
756 671 864 702 natat
893 665 993 703 inter
1022 677 1169 714 aquas;

240 729 292 767 Et
321 742 428 768 mare
457 730 618 768 terribili
647 730 856 769 confundit
886 743 1086 769 murmure
1116 737 1280 777 mentes,

241 795 365 843 Quod
393 795 511 834 timor
540 809 587 834 ex
616 796 703 834 solo
733 802 850 835 terret
878 795 1026 846 vbique
1056 808 1167 834 sono.

240 860 406 898 Tristius
437 866 490 898 et·
503 862 633 899 celum
664 861 838 900 tenebris
867 861 1080 900 obducitur
1109 861 1213 910 atris,

238 926 315 963 Vix
345 926 452 964 videt
481 938 528 964 ex
557 926 682 965 oculis
712 927 786 965 iste
815 927 876 965 vel
906 927 971 964 ille
1000 939 1151 964 manus.

240 991 303 1029 De
332 991 418 1029 celo
447 992 611 1029 veniunt
640 997 735 1029 tunc
766 992 875 1041 signa
905 991 1104 1028 minancia
1134 997 1317 1038 mortem,

239 1056 381 1093 Omnis
412 1063 449 1094 et
479 1062 660 1105 expectat
690 1056 788 1106 quid
817 1056 892 1094 sibi
922 1056 1000 1093 fata
1028 1057 1193 1094 volunt:

240 1121 423 1171 Desuper
452 1122 636 1170 impletur
665 1122 833 1159 flammis
863 1120 1064 1158 vltricibus
1094 1133 1170 1165 aer,

238 1186 289 1223 Et
319 1186 424 1224 furor
453 1198 500 1224 ex
529 1186 638 1224 omni
668 1193 777 1235 parte
807 1191 989 1235 perurget
1017 1198 1167 1234 aquas:
1519 1199 1601 1231 1710

238 1250 361 1300 Ignea
389 1258 484 1289 tunc
513 1251 666 1289 sonitus
696 1251 882 1289 diffundit
913 1251 1071 1287 flamma
1101 1250 1262 1297 feroces,

238 1317 289 1354 Et
319 1316 486 1354 scintilla
514 1316 626 1365 quasi
657 1316 822 1354 fulmina
850 1327 983 1365 spersa
1011 1316 1126 1353 volat.

237 1381 470 1431 Igniuomus
500 1382 643 1420 fluuius
673 1381 728 1419 sic
757 1394 830 1419 nos
860 1380 1080 1430 torquebat,
1112 1386 1152 1418 vt
1181 1380 1311 1418 omnis

236 1446 442 1485 Submisso
471 1447 598 1495 capite
627 1453 760 1484 mutus
789 1447 829 1483 in
860 1458 927 1484 ore
956 1446 1067 1484 silet:

238 1511 384 1549 Deficit
412 1523 473 1549 ars
502 1511 704 1560 animique
733 1511 882 1549 cadunt
910 1510 1091 1560 viresque
1120 1510 1330 1558 fatescunt,

236 1576 322 1614 Nec
351 1576 423 1613 fuit
452 1576 611 1614 vlterius
641 1588 731 1625 spes
759 1575 939 1626 aliqualis
969 1576 1036 1613 eis.

290 1641 353 1678 En
382 1653 499 1690 super
526 1642 603 1679 hoc
632 1641 795 1679 veniens
824 1642 1028 1679 inmensus
1057 1639 1175 1678 belua
1203 1647 1328 1690 ponto

237 1706 408 1754 Eminet,
441 1718 489 1744 ex
517 1707 630 1745 cuius
661 1706 821 1744 naribus
852 1707 957 1745 vnda
986 1712 1121 1744 tonat:

237 1771 330 1820 Ipse
358 1771 465 1810 velut
493 1772 606 1810 nauis
635 1772 805 1821 prefixus
832 1771 990 1810 concita
1018 1778 1143 1809 rostro

237 1837 370 1874 Sulcat
399 1849 533 1886 aquas,
565 1843 604 1875 et
634 1849 726 1874 eum
754 1843 899 1874 cuncta
928 1837 1151 1886 propinqua
1179 1837 1348 1875 timent:
1517 1851 1599 1883 1720

237 1902 329 1951 Ipse
359 1900 466 1939 ferox
496 1902 619 1939 latum
649 1901 723 1940 sub
753 1908 913 1951 pectore
943 1901 1120 1950 possidet
1149 1912 1284 1950 equor,

238 1967 288 2004 Et
317 1966 515 2015 propriata
544 1966 619 2004 sibi
649 1967 732 2004 iura
762 1966 912 2003 marina
940 1966 1061 2015 petit:

236 2032 371 2069 Frater
399 2037 481 2069 erat
510 2031 621 2078 Cille,
653 2031 799 2069 furiens
829 2031 952 2081 magis
982 2031 1066 2080 ipse
1094 2029 1269 2078 caribdi,

238 2097 290 2134 Et
315 2096 422 2134 velut
450 2108 495 2133 os
526 2095 691 2143 Herebi,
722 2107 800 2145 que
829 2102 939 2134 voret
968 2095 1052 2144 ipse
1081 2095 1192 2144 petit.

236 2160 414 2199 Perdidit
444 2160 518 2198 hiis
547 2160 639 2198 visis
668 2160 857 2198 audacior
885 2160 1023 2198 intima
1052 2159 1182 2198 cordis

234 2225 409 2273 Robora,
440 2238 518 2276 que
547 2226 679 2265 subito
708 2226 865 2276 surripit
893 2226 957 2264 ille
986 2237 1133 2275 pauor3

236 2291 402 2340 Iamque
431 2290 679 2340 gubernator,
709 2291 852 2329 tollens
880 2291 932 2329 ad
961 2291 1089 2329 sidera
1117 2290 1279 2340 palmas,

236 2357 425 2406 Exposcit
454 2357 555 2395 votis
585 2357 780 2395 inmemor
808 2357 900 2394 artis
929 2369 1072 2406 opem:

235 2422 418 2460 Vincitur
446 2434 507 2459 ars
537 2430 668 2469 vento,
700 2433 831 2471 neque
860 2421 938 2459 iam
968 2421 1194 2460 moderator
1222 2420 1389 2458 habenis

233 2487 377 2533 Vtitur‚
408 2486 531 2524 immo
560 2498 657 2535 vaga
685 2498 755 2535 per
783 2486 879 2524 freta
908 2486 1020 2524 nauis
1049 2492 1141 2523 arat.
1512 2500 1594 2533 ¹730

234 2552 351 2589 Tunc
382 2551 492 2601 quasi
523 2549 749 2589 febricitans
778 2563 823 2589 os
853 2563 992 2589 omnes
1023 2550 1172 2588 horruit
1200 2561 1322 2596 escas,

235 2616 436 2665 Mensque
462 2615 587 2653 vomit
615 2627 753 2653 sensus
782 2615 934 2666 absque
963 2616 1087 2653 salute
1116 2627 1231 2652 suos:

235 2680 403 2718 Brachia
431 2692 522 2717 cum
553 2680 705 2729 palmis,
736 2681 874 2718 oculos
903 2693 995 2718 cum
1025 2685 1240 2728 menteque
1268 2679 1365 2717 tristi

236 2746 286 2784 In
315 2745 444 2783 celum
474 2745 654 2792 tendens,
685 2746 858 2795 postulat
887 2745 1017 2784 omnis
1045 2757 1188 2794 opem:

235 2811 330 2849 Non
359 2816 467 2848 tenet
496 2809 561 2846 hic
589 2809 780 2857 lacrimas,
811 2816 942 2859 stupet
972 2810 1046 2856 hic,
1077 2816 1191 2847 vocat
1220 2809 1284 2848 ille
1314 2809 1462 2857 beatos,

468 2885 554 2922 1706
577 2883 634 2915 ille
649 2884 703 2915 vel
720 2883 785 2916 iste
803 2884 861 2916 ΟΕ
996 2893 1078 2923 1724
1101 2893 1202 2923 quem
1221 2883 1251 2914 D
