2095 3173
28 2537 29 2587 ᾼ
20 2434 29 2514 Αᾞψ
23 2364 29 2379 2

712 206 900 247 LIBER
941 206 1243 256 QUARTUS
1636 219 1712 260 175

405 313 459 350 Vt
488 311 637 362 fugiant
667 313 862 351 mundum
891 312 1000 351 iubet
1030 313 1128 351 ordo
1157 320 1269 351 vetus
1300 313 1599 361 monachorum,

353 376 505 415 Dicunt
535 378 645 427 quod
674 377 839 427 fugiunt,
872 385 930 416 set
959 377 1148 428 fugiendo
1178 384 1328 428 petunt.

354 444 517 492 Pauper,
549 456 667 492 quem
698 445 807 481 sulco
836 443 970 493 genuit
999 442 1133 481 natiua
1161 456 1346 493 propago,

351 509 458 555 Vult,
488 508 578 547 licet
607 508 802 558 indignus,
835 522 920 547 esse
950 509 1082 547 Priore
1111 508 1241 559 prior:

352 574 484 622 Quem
513 573 588 611 sibi
617 587 699 611 non
727 574 890 612 dederat
919 575 1103 622 mundus,
1137 581 1328 612 scrutatur
1356 574 1549 612 honorem

353 639 401 676 In
431 639 611 685 claustro,
643 637 783 677 veteris
813 637 1022 676 immemor
1051 637 1135 688 ipse
1165 646 1311 677 status:
1648 654 1711 685 320

352 703 415 742 Sic
444 717 544 753 quos
574 703 656 741 iure
685 703 804 753 patris
833 703 1002 742 humiles
1031 711 1169 742 natura
1197 703 1356 751 creauit,

352 769 455 808 Cum
485 768 671 807 monachi
700 770 807 816 fiant,
835 770 934 807 ordo
963 768 1138 819 superbit
1168 782 1261 807 eos:

352 834 445 872 Non
475 833 641 884 dompni
671 841 729 872 set
758 842 796 873 et
825 834 879 871 hii
909 834 1062 872 domini
1091 847 1239 872 nomen
1269 833 1344 873 sibi
1373 842 1556 884 querunt,

351 901 402 937 Et
432 899 581 938 faciunt
610 901 755 950 largam
786 914 863 950 que
893 899 965 938 fuit
993 907 1076 938 arta
1104 899 1219 938 viam.

349 964 417 1002 Nil
446 978 563 1015 graue
592 965 715 1015 tangit
745 978 823 1013 eos,
856 972 1038 1015 reputant
1067 978 1197 1015 neque
1226 978 1343 1015 posse
1371 978 1544 1015 grauare,

349 1029 425 1067 Vix
454 1029 574 1068 nichil
603 1044 695 1080 ergo
725 1029 853 1069 sciunt
881 1031 986 1069 vnde
1015 1043 1149 1080 rogare
1178 1031 1309 1068 deum.

289 1187 367 1222 Hic
408 1188 590 1231 loquitur
629 1188 809 1232 qualiter
849 1188 1067 1232 paciencia
1105 1198 1195 1222 vna
1229 1197 1320 1222 cum
1353 1187 1507 1222 ceteris
1545 1188 1706 1223 virtuti-

241 1246 318 1280 bus
348 1256 375 1280 a
401 1246 645 1290 quibusdam
675 1246 885 1288 claustris,
914 1247 1038 1281 viciis
1063 1246 1466 1291 superuenientibus,
1495 1256 1542 1282 se
1571 1249 1707 1282 trans-

241 1305 438 1340 tulerunt.

100 1385 228 1434 Cap¹¹¹.
252 1384 313 1423 vii.

400 1387 583 1424 Mortuus
613 1393 671 1424 est
699 1386 899 1436 dompnus
929 1384 1105 1431 Paciens,
1137 1384 1313 1435 viuitque
1341 1386 1539 1435 professus

348 1452 540 1498 Murmur,
571 1458 610 1489 et
638 1450 679 1488 in
708 1450 884 1489 claustris
914 1464 990 1500 pax
1018 1449 1156 1500 nequit
1185 1464 1270 1488 esse
1300 1450 1404 1488 suis:

347 1517 532 1554 Mortuus
561 1524 620 1554 est
649 1515 775 1554 eciam
806 1517 927 1554 modo
957 1517 1158 1566 dompnus
1190 1517 1343 1563 Castus,
1375 1523 1414 1554 et
1443 1515 1517 1566 ipsi

345 1581 542 1620 Successit
570 1583 714 1628 Luxus,
746 1589 871 1620 vastat
899 1589 938 1620 et
966 1581 1049 1631 ipse
1078 1582 1244 1619 domos:
1643 1597 1706 1627 330

348 1648 558 1697 Dompnus
588 1655 626 1685 et
656 1649 894 1685 Inconstans
924 1646 1134 1686 Constanti
1163 1648 1331 1684 claustra
1359 1645 1529 1696 negauit,

348 1713 438 1761 Que
466 1711 641 1751 residens
671 1712 821 1751 Odium
850 1712 1034 1751 vendicat
1063 1725 1149 1750 esse
1178 1725 1273 1750 sua:

348 1779 559 1827 Dompnus
589 1785 627 1816 et
656 1777 856 1827 Ypocrisis
885 1778 1108 1827 dompnum
1137 1778 1297 1826 copulat
1325 1775 1401 1814 sibi
1431 1775 1598 1823 Fictum,

348 1843 457 1880 Dum
487 1841 562 1880 sibi
592 1844 713 1880 Fraus
743 1855 930 1892 magnum
962 1841 1081 1891 spirat
1109 1841 1255 1879 habere
1285 1848 1441 1879 statum.

348 1908 460 1955 Quos
489 1906 675 1945 monachi
703 1914 852 1945 veteres
881 1906 1113 1956 plantabant
1141 1919 1267 1956 nuper
1295 1905 1449 1952 amoris,

348 1972 503 2010 Invidie
532 1973 679 2010 fructus
710 1972 787 2009 iam
818 1985 946 2010 nouus
977 1973 1075 2010 ordo
1104 1971 1214 2022 parit.

400 2037 468 2076 Nil
498 2039 619 2076 modo
650 2037 840 2076 Bernardi
869 2036 993 2075 sancti
1022 2038 1083 2075 vel
1112 2038 1244 2086 regula
1274 2035 1405 2074 Mauri

346 2103 510 2142 Confert
538 2102 847 2150 commonachis,
879 2102 1060 2152 displicet
1088 2101 1223 2148 immo,
1255 2101 1397 2140 nouis:

347 2169 489 2207 Obstat
517 2182 655 2206 avarus
685 2167 739 2207 eis
770 2181 847 2218 que
876 2168 1068 2218 superbus
1099 2174 1137 2205 et
1165 2166 1322 2205 invidus
1351 2168 1457 2215 alter,

345 2233 505 2272 Ordinis
534 2235 758 2283 exemplum
788 2232 856 2283 qui
885 2234 1007 2272 modo
1036 2234 1134 2272 ferre
1163 2240 1318 2282 negant.
1639 2247 1704 2279 340

346 2298 505 2349 Expulit
534 2312 557 2337 a
585 2298 761 2337 claustris
790 2298 1024 2337 maledictus
1054 2297 1110 2336 si'c
1140 2297 1416 2344 Benedictum,

345 2363 408 2402 Sic
436 2365 527 2414 gula
555 2363 796 2414 temperiem,
829 2363 884 2401 sic
913 2365 1028 2402 dolus
1057 2371 1176 2413 atque
1205 2364 1350 2401 fidem:

345 2429 480 2467 Mollis
508 2430 620 2467 adest
648 2429 801 2477 Abbas,
830 2442 948 2478 quem
980 2428 1113 2467 mollia
1141 2429 1310 2466 claustra
1337 2434 1537 2476 sequntur,

343 2496 535 2544 Vanaque
565 2493 620 2532 sic
649 2507 771 2532 vanos
801 2493 949 2532 ordinis
979 2494 1117 2531 vmbra
1147 2492 1252 2542 tegit.

344 2558 507 2608 Spiritus
536 2560 613 2597 hoc
642 2560 751 2609 quod
781 2566 871 2606 erat,
904 2571 1010 2596 nunc
1040 2565 1143 2596 extat
1173 2569 1314 2606 corpus
1344 2555 1473 2603 inane,

346 2625 397 2661 Et
425 2625 624 2674 dompnus
655 2625 833 2663 Mundus
863 2637 982 2662 omne
1011 2623 1203 2673 gubernat
1232 2634 1343 2672 opus.

439 2747 503 2777 315
528 2737 580 2768 No
591 2743 729 2779 paragr.
747 2739 772 2771 S
904 2739 968 2778 336
992 2738 1056 2768 iam
1073 2736 1347 2768 CEHGDLTH2
1392 2746 1461 2767 non
1479 2735 1503 2767 S
