2095 3173
475 252 550 301 148
943 250 1075 292 vox
1116 251 1474 293 CLAMANTIS

579 356 773 395 Persoluit
801 370 946 407 sponse
975 356 1110 395 debita
1139 356 1222 395 iura
1250 370 1330 395 sue.

578 421 641 460 Sic
670 420 775 471 capit
804 420 843 459 in
874 434 966 459 cura
995 428 1122 459 rector
1150 421 1224 459 sibi
1254 435 1418 472 corpora
1446 423 1591 472 pulcra,

579 488 628 524 Et
658 487 768 525 fedas
797 485 948 524 animas
978 485 1120 536 linquit
1149 486 1257 526 abire
1285 500 1412 538 vagas.

513 633 591 667 Hie
615 633 800 677 loquitur
824 634 876 669 de
901 634 1137 669 rectoribus
1163 634 1206 668 in
1237 635 1348 670 curis
1378 633 1672 676 residentibus,
1699 635 1770 679 qui
1796 636 1939 670 tamen

466 701 588 726 curas
619 693 852 726 animarum
884 692 1139 734 omittentes,
1168 693 1289 736 quasi
1322 693 1451 728 seculi
1480 695 1742 728 mercatores
1771 693 1940 736 singula

463 750 714 794 temporalia
731 750 781 785 de
798 751 862 786 die
883 751 926 785 in
943 751 1052 786 diem
1071 753 1260 787 ementes
1278 753 1320 788 et
1337 752 1585 794 vendentes,
1603 752 1746 787 mundi
1763 752 1938 787 diuicias

467 808 703 853 adquirunt.

326 890 453 937 captu.
477 889 549 927 xix.
637 891 811 939 Quartus
839 891 971 929 adhuc
1000 897 1127 929 rector
1156 904 1290 929 curam
1320 890 1532 930 residendo
1561 891 1743 938 sinistrat‚

576 956 748 1005 Ipseque
778 963 972 994 mercator
1000 955 1138 994 circuit
1167 969 1287 994 omne
1315 969 1455 1006 genus.

575 1021 646 1058 Est
675 1019 750 1058 sibi
781 1019 926 1058 missa:
966 1021 1095 1059 forum
1126 1020 1338 1059 meditatur
1367 1028 1405 1059 et
1434 1020 1528 1059 inde
1557 1020 1775 1068 tabernam,

573 1086 639 1124 Ad
669 1085 765 1124 socii
795 1087 1015 1137 dampnum
1044 1087 1141 1125 dum
1171 1086 1268 1137 petit
1297 1086 1381 1136 ipse
1411 1088 1574 1125 lucrum.

574 1151 753 1190 Ecclesie
781 1151 966 1190 meritum
996 1151 1134 1202 perdit,
1166 1153 1338 1190 lucratur
1366 1159 1405 1190 et
1433 1165 1572 1190 aurum
1588 1166 1598 1199 ‚-

571 1217 626 1254 Vt
655 1223 788 1255 teneat
817 1218 1025 1265 mundum,
1057 1216 1202 1256 deserit
1232 1216 1316 1267 ipse
1345 1217 1478 1255 deum.
1858 1233 1939 1264 1530

573 1280 791 1331 Computat
820 1280 904 1332 ipse
934 1281 1041 1320 diem
1071 1295 1234 1329 cassam,
1267 1295 1346 1331 qua
1374 1283 1435 1319 vel
1465 1280 1540 1319 sibi
1569 1282 1732 1329 lucrum,

572 1345 758 1396 Corporis
788 1354 856 1385 aut
884 1348 1020 1385 luxum
1049 1360 1131 1385 non
1161 1346 1265 1397 capit
1294 1345 1378 1397 ipse
1407 1359 1582 1384 nouum:

574 1413 644 1449 Est
674 1419 712 1450 et
740 1411 910 1450 auaricia
939 1412 1014 1451 sibi
1043 1420 1187 1459 custos,
1220 1412 1275 1450 sic
1305 1419 1345 1450 vt
1374 1411 1415 1450 in
1445 1411 1519 1450 illis

572 1478 728 1515 Partem
758 1477 913 1516 diuiciis
942 1491 1092 1528 pauper
1121 1478 1268 1516 habere
1297 1477 1445 1527 nequit.

572 1543 775 1581 Masculus
805 1542 845 1580 in
875 1544 985 1581 nullo
1014 1556 1108 1581 casu
1138 1542 1301 1593 partitur
1329 1555 1488 1592 egenus,

574 1607 772 1658 Dupplice
801 1622 894 1647 nam
923 1608 1025 1647 claui
1042 1608 1153 1647 <cista
1181 1607 1324 1647 resistit
1353 1607 1389 1646 ei
1403 1622 1414 1655 3

570 1673 636 1711 Set
666 1672 790 1723 pietas
819 1673 930 1712 aliter
959 1686 1000 1711 se
1030 1673 1207 1711 continet
1235 1674 1287 1711 ad
1317 1671 1533 1719 mulierem,

569 1738 623 1775 Vt
652 1736 761 1776 iubet
790 1736 875 1788 ipsa
903 1739 1051 1785 Venus,
1084 1745 1143 1776 est
1172 1737 1227 1775 ibi
1256 1738 1361 1787 larga
1390 1750 1541 1775 manus.

571 1801 765 1852 Expansis
794 1801 962 1852 genibus
992 1801 1226 1852 expanditur
1255 1814 1373 1839 aurea
1402 1800 1499 1839 cista
1515 1815 1525 1849 ,-

570 1865 736 1905 Femina
764 1866 795 1905 si
824 1866 966 1914 veniat,
999 1867 1067 1905 dat
1096 1865 1171 1904 sibi
1201 1865 1322 1904 clauis
1353 1865 1448 1904 iter:
1853 1882 1939 1914 1540

571 1930 716 1969 Durior
745 1938 803 1970 est
831 1932 943 1979 ferro,
976 1944 1096 1981 quern
1126 1932 1256 1969 nullus
1287 1929 1544 1977 mollificabit,

569 1995 704 2034 Vincit
732 1997 904 2036 feminea
932 2004 991 2036 set
1019 2010 1111 2036 caro
1140 1996 1269 2035 mollis
1300 2009 1402 2035 eum.

570 2062 681 2100 Dans
710 2061 764 2100 ita
793 2062 890 2112 quid
919 2075 990 2112 pro
1020 2075 1101 2112 quo
1131 2075 1281 2101 merces
1311 2062 1495 2100 mercede
1523 2060 1670 2100 locabit

569 2127 727 2174 Rector‚
759 2127 800 2165 in
828 2127 1051 2177 impropriis
1081 2128 1178 2165 dum
1207 2134 1320 2165 vacat
1349 2126 1433 2177 ipse
1462 2126 1589 2164 lucris.
2084 2129 2087 2142 l

568 2190 701 2228 Omne
730 2192 840 2240 quod
869 2205 945 2229 vna
974 2205 1115 2229 manus
1145 2190 1220 2229 sibi
1250 2198 1471 2240 congregat,
1503 2192 1624 2229 altera
1653 2190 1809 2241 spergit,

570 2255 679 2292 Dum
709 2268 780 2293 sua
808 2256 876 2294 dat
904 2255 1032 2293 cribro
1062 2256 1239 2293 balsama
1268 2257 1409 2293 stultus
1439 2256 1588 2292 homo:

568 2319 774 2370 Stultaque
804 2319 860 2358 sic
889 2321 1052 2358 stultum
1082 2320 1230 2370 predat,
1263 2320 1373 2369 quod
1402 2320 1480 2357 fine
1510 2318 1662 2358 dierum
1698 2320 1701 2322 “
2080 2303 2082 2364 l

570 2383 637 2422 Nil
666 2384 741 2422 nisi
770 2384 819 2423 sit
848 2398 939 2423 rasa⁴
963 2385 1085 2423 barba
1113 2384 1290 2423 manebit
1319 2384 1365 2423 ei.
2079 2374 2081 2459 i

625 2450 661 2488 O
692 2449 724 2487 si
753 2449 896 2488 curatis
926 2449 1007 2487 nati
1036 2450 1248 2487 succedere
1278 2456 1451 2499 possent,
2079 2462 2080 2482 l

570 2514 750 2553 Ecclesie
778 2514 893 2552 titulo
922 2515 1100 2564 ferreque
1129 2513 1212 2552 iura
1241 2522 1408 2564 patrum,
1850 2530 1933 2564 1550
2040 2502 2045 2587 1

570 2580 686 2618 Tunc
715 2579 790 2618 sibi
821 2579 1064 2630 Romipetas,
1096 2579 1231 2618 mortis
1261 2578 1405 2629 quibus
1435 2586 1493 2618 est
1521 2579 1648 2619 aliene

571 2645 680 2694 Spes
711 2645 833 2684 nichil
862 2653 929 2684 aut
958 2644 1161 2684 modicum
1190 2657 1307 2695 posse
1336 2646 1464 2683 valere
1493 2654 1601 2695 puto.
2038 2590 2044 2731 Ι

570 2709 677 2748 Talis
706 2709 746 2748 in
776 2710 942 2749 ecclesia
970 2724 1076 2748 nunc
1105 2718 1163 2748 est
1192 2709 1361 2748 deuocio
1392 2718 1499 2749 mota

570 2774 724 2814 Curatis
753 2775 918 2814 nostris:
957 2775 1105 2814 iudicet
1133 2774 1226 2814 inde
1256 2776 1364 2813 deus.
2034 2733 2041 2960 ί

505 2869 586 2899 1533
615 2861 673 2892 Est
699 2866 733 2893 et
758 2862 782 2893 S
830 2862 891 2893 Est
915 2863 976 2894 sed
1003 2863 1084 2904 (set)
1113 2861 1272 2893 CEHGL
1320 2862 1381 2893 Est
1404 2866 1451 2893 set
1465 2867 1493 2894 et
1512 2864 1541 2894 D
1695 2872 1776 2903 1541
1805 2864 1932 2896 Durior

460 2911 683 2944 CEHGDLT
730 2914 859 2945 Durius
878 2913 903 2945 S
1039 2923 1122 2954 1552
1139 2914 1338 2945 modicicum
1357 2914 1381 2946 S
