2095 3173
716 232 906 272 LIBER
948 232 1188 274 PRIMUS
1631 251 1686 290 43

325 337 436 376 Sicut
466 349 585 376 arena
614 337 743 385 maris,
776 345 1041 377 monstrorum
1072 339 1213 377 concio
1243 339 1333 378 feda

323 403 512 453 Vndique
541 403 795 453 progrediens
826 404 1113 442 innumeranda
1142 405 1224 442 fuit.
1620 418 1685 454 750

325 469 518 506 Demonis
547 481 595 506 ex
623 469 743 518 stirpe
772 469 918 506 furiens
947 469 1019 506 fuit
1049 469 1112 507 illa
1142 482 1327 520 propago,

323 533 496 570 Horrida
526 533 628 570 facta
656 533 746 570 viris
775 539 814 571 et
842 533 1014 571 violenta
1043 534 1120 572 deo
1135 548 1146 581 3

322 597 597 646 Contemptrix
626 610 823 646 superum,
856 610 1029 647 seueque
1058 599 1287 638 auidissima
1315 600 1435 646 cedis,

320 662 374 700 Vt
403 661 519 710 lupus
550 668 619 709 est,
651 662 789 699 ouium
818 662 914 700 dum
944 662 1034 701 furit
1064 664 1147 713 ipse
1176 665 1290 703 fame.

321 727 505 764 Protinus
535 726 672 776 irrupit
700 739 801 765 vene
830 728 973 777 peioris
1002 728 1240 767 habundans

322 791 454 829 Omne
485 791 646 840 nephas,
679 804 757 841 que
785 792 887 831 viros
917 793 1041 831 inficit
1069 806 1162 832 aura
1191 793 1350 844 probos.

375 857 537 906 Septem
566 857 786 906 progenies,
818 870 915 907 quas
945 859 1029 908 ipse
1059 859 1212 908 Cha'ym
1241 861 1456 910 generauit,

320 922 424 960 Cum
454 922 562 959 furiis
591 922 687 960 socii
717 930 1053 961 connumerantur
1082 924 1147 962 ibi.

319 985 534 1035 Terribilis,
566 987 690 1034 fedus
722 988 826 1026 celer
853 989 905 1027 ad
934 989 1072 1037 scelus,
1104 990 1155 1027 ad
1186 989 1291 1028 bona
1320 991 1465 1037 tardus,

321 1051 500 1100 Quilibet
529 1059 612 1091 arte
641 1065 712 1091 sua
741 1054 935 1092 deteriora
964 1061 1083 1103 parat.
1619 1060 1682 1103 760

322 1118 447 1155 Praua
475 1125 651 1156 creatura
681 1119 829 1168 spernit
858 1120 1072 1157 metuenda
1101 1120 1241 1167 futura,

320 1183 453 1221 Omne
482 1183 591 1233 quod
620 1183 831 1233 imponunt
860 1183 933 1222 sub
963 1185 1127 1233 paritate
1157 1186 1308 1224 ferunt:

320 1248 484 1298 Semper
511 1261 649 1287 amans
678 1249 828 1287 crimen
858 1249 929 1287 fuit
959 1250 1044 1297 hec,
1074 1250 1277 1300 actrixque
1306 1251 1430 1296 ruine,

320 1314 516 1363 Moreque
544 1314 739 1351 carnificis
768 1326 906 1363 aspera
934 1315 1034 1353 cede
1064 1315 1165 1355 furit.

322 1378 463 1416 Narrat
491 1379 642 1424 Ysa'i'as,
674 1379 877 1426 Ysidorus,
910 1380 1171 1430 Apocalipsis,

320 1444 464 1493 Tangit
493 1450 532 1483 et
561 1444 602 1482 in
633 1444 755 1482 titulis
785 1457 927 1494 magna
957 1445 1104 1495 Sybilla
1133 1446 1236 1485 suis:

319 1509 408 1558 Gog
437 1516 518 1547 erat
546 1516 666 1559 atque
696 1511 844 1560 Magog
871 1511 1022 1549 dictum
1052 1523 1277 1561 cognomen
1307 1523 1456 1559 eorum,

317 1573 484 1613 Actibus
515 1575 554 1612 in
585 1588 754 1624 quorum
784 1582 859 1614 stat
887 1576 1011 1626 magis
1040 1589 1160 1615 omne
1188 1577 1326 1615 scelus.

319 1639 429 1688 Quid
458 1640 507 1678 sit
537 1653 602 1678 rex
631 1641 692 1679 vel
722 1641 783 1679 lex
812 1641 920 1679 furiis
950 1642 1123 1680 nescitur
1150 1641 1201 1680 ab
1231 1642 1316 1690 illis,

320 1705 474 1754 Regula
503 1706 610 1743 nulla
639 1706 732 1756 ligat
761 1707 859 1745 ordo
890 1719 964 1745 nec
993 1707 1092 1745 vllus
1122 1719 1213 1746 eos:
1619 1721 1681 1756 770

321 1770 415 1808 Non
444 1771 626 1809 homines
657 1778 850 1818 metuunt,
883 1784 1045 1821 superos
1075 1773 1182 1810 cultu
1213 1785 1286 1811 nec
1315 1772 1492 1819 adorant,

319 1835 398 1874 Sed
427 1836 536 1885 quod
566 1836 687 1874 habet
717 1838 890 1875 mundus
920 1838 1071 1886 turpius
1101 1838 1198 1875 illud
1226 1845 1358 1887 agunt.

318 1900 515 1939 Carnibus
545 1901 729 1939 humanis
760 1902 859 1940 solet
888 1902 962 1940 hec
991 1914 1087 1951 gens
1116 1902 1276 1941 sordida
1305 1902 1421 1948 vesci,

317 1967 497 2016 Taleque
526 1967 594 2005 dat
623 1967 771 2016 populo
801 1967 879 2005 vita
907 1967 1030 2005 ferina
1059 1967 1210 2005 forum:

319 2031 468 2080 Turpia
497 2037 588 2069 sunt
617 2032 728 2080 plura
757 2031 902 2081 quibus
930 2031 1050 2069 vtitur
1078 2039 1160 2070 atra
1190 2032 1323 2082 figura,

320 2096 413 2144 Quo
443 2096 547 2145 capit
577 2097 802 2145 exemplum
832 2095 947 2135 turba
975 2097 1147 2147 maligna
1175 2097 1335 2135 malum.

320 2162 411 2199 Hec
440 2162 587 2200 etenim
616 2161 745 2200 rabies
773 2162 920 2200 furiens
949 2175 1129 2202 connexa
1157 2162 1338 2212 malignis

318 2226 520 2265 Conuenit
549 2226 624 2265 hiis
653 2227 775 2275 furiis,
803 2228 854 2266 de
884 2227 1028 2277 quibus
1057 2234 1148 2266 ante
1176 2228 1344 2277 loquor:

318 2292 578 2331 Conueniunt
607 2293 733 2331 eciam
763 2293 860 2331 socii
889 2305 989 2342 quos
1019 2305 1144 2343 nuper
1173 2293 1311 2331 Vluxis

320 2358 494 2395 Mutauit
523 2357 669 2404 Circes,
701 2364 740 2396 et
769 2358 968 2397 sociantur
996 2359 1074 2397 eis:
1620 2367 1681 2407 780

320 2422 439 2460 Nunc
467 2422 586 2461 facies
616 2423 837 2469 hominum,
866 2437 974 2462 nunc
1003 2424 1278 2462 transformata
1307 2424 1474 2462 ferarum

320 2487 539 2526 Gestabant
568 2489 707 2538 capita,
739 2501 817 2538 que
845 2489 1004 2528 racione
1033 2495 1177 2527 carent.

258 2628 335 2662 Hic
353 2628 453 2663 dicit
470 2629 695 2663 secundum
712 2629 920 2664 visionem
939 2629 1119 2673 sompnii
1137 2628 1316 2672 qualiter
1334 2628 1492 2663 audiuit
1509 2629 1683 2664 nomina

207 2688 254 2722 *et
272 2696 414 2722 eorum
431 2697 563 2723 voces
587 2688 778 2723 diuersas
795 2690 837 2723 et
854 2688 1085 2723 horribiles.
1135 2687 1245 2722 Dicit
1269 2687 1400 2722 eciam
1421 2687 1471 2721 de
1493 2687 1683 2722 Iohanne

258 2794 318 2824 757
344 2784 451 2823 Caym
469 2783 569 2814 HDT
703 2785 766 2824 766
790 2784 814 2816 S
831 2785 894 2815 has
908 2785 971 2815 lost
984 2794 1043 2816 one
1059 2784 1130 2823 leaf
1137 2783 1325 2825 containing
1341 2783 1375 2815 ll.
1395 2785 1556 2823 766-856.
1609 2783 1687 2814 Text

202 2836 336 2876 follows
351 2836 378 2867 C
469 2835 589 2876 sybilla
604 2835 631 2866 C
676 2836 787 2867 sibilla
804 2837 905 2867 EHD
997 2846 1056 2875 771
1076 2835 1233 2867 dominos
1253 2846 1391 2876 superos
1408 2846 1471 2867 nec
1493 2837 1636 2868 adorant
1655 2837 1685 2867 D

214 2900 277 2930 779
301 2888 421 2920 Vluxis
440 2887 505 2919 HT
549 2887 659 2920 Vlixis
676 2889 734 2920 CE
779 2888 890 2920 Alixis
908 2889 938 2919 D
