2121 3173
565 245 605 287 O
647 244 809 286 DEUS
850 243 1136 285 IMMENSE
1176 258 1268 285 Ere.

211 350 406 400 Quamuis
435 364 517 390 non
545 353 675 398 velles,
707 352 836 402 plures
864 350 957 389 facit
985 363 1070 389 esse
1097 350 1287 389 rebelles:

210 416 350 466 Sepius
379 430 426 455 ex
455 416 585 455 herbis
615 417 776 455 morbus
806 423 962 455 curatur
989 415 1151 463 acerbis,

209 481 312 531 Sepe
340 482 498 531 loquela
525 481 653 531 grauis
682 480 791 519 iuuat
819 488 858 520 et
886 488 1004 520 nocet
1033 480 1098 519 illa
1126 480 1269 519 suauis.

210 545 291 594 Qui
320 547 461 584 falsum
490 546 657 596 pingunt
686 546 760 584 sub
789 547 1005 596 fraudeque
1033 559 1124 585 vera
1152 547 1358 596 restingunt,

210 609 281 647 Hii
310 618 401 649 sunt
430 610 498 660 qui
526 611 675 649 blando
704 623 886 649 sermone
914 618 1061 649 nocent
1088 610 1328 660 aliquando:

209 676 297 713 Rex
325 675 393 726 qui
422 675 610 714 conducit
638 676 745 722 tales,
776 675 851 713 sibi
880 676 1067 714 scandala
1094 675 1214 722 ducit,

209 740 370 778 Nomen
400 747 438 778 et
466 739 629 779 abducit
658 741 768 790 quod
796 739 931 778 nobile
960 753 1045 778 raro
1075 739 1253 778 reducit:

209 805 331 853 Quod
359 804 480 855 viguit
510 818 637 852 mane,
669 804 743 843 sibi
771 818 932 855 vespere
961 804 1097 843 transit
1125 804 1253 852 inane,

209 871 443 909 Dummodo
472 871 685 909 creduntur
713 883 791 920 que
819 870 938 908 verba
966 871 1105 909 dolosa
1133 871 1330 920 loquntur.

208 934 386 974 Consilio
414 935 481 973 tali
509 948 674 985 regnum
703 934 825 984 magis
854 932 895 972 in
924 934 1084 985 speciali

208 999 397 1050 Vndique
425 1000 613 1047 turbatur,
645 1013 725 1050 quo
756 999 875 1050 Regis
906 1001 1033 1038 honor
1061 999 1252 1038 variatur:

208 1066 329 1103 Nunc
359 1064 412 1103 ita
441 1065 541 1104 sicut
569 1064 653 1103 heri
682 1064 825 1115 poterit
853 1077 913 1103 res
942 1064 1016 1103 ista
1044 1064 1177 1112 videri,

208 1131 327 1168 Vnde
356 1130 479 1180 magis
508 1129 657 1180 plangit
687 1131 867 1180 populus,
900 1142 1019 1179 quem
1048 1129 1145 1168 lesio
1174 1129 1308 1180 tangit.

208 1195 275 1233 Set
303 1195 548 1245 premunitus
577 1208 659 1233 non
687 1194 830 1233 fallitur
858 1194 951 1234 inde
979 1194 1126 1245 peritus
1142 1209 1151 1243 5

208 1260 330 1308 Quod
359 1260 466 1299 videt
494 1267 586 1299 ante
614 1273 788 1307 manum,
819 1259 917 1310 fugit
946 1273 1064 1298 omne
1093 1259 1268 1298 notabile
1296 1273 1466 1299 vanum:

208 1325 311 1364 Cum
340 1326 544 1374 laqueatur
571 1324 666 1372 auis,
697 1332 812 1363 cauet
838 1327 969 1372 altera,
1000 1324 1135 1375 sicque
1165 1324 1296 1364 suauis

207 1391 294 1428 Rex
321 1389 409 1439 pius
439 1389 479 1427 in
509 1403 601 1429 cura
629 1403 784 1440 semper
811 1389 922 1428 timet
951 1390 1035 1440 ipse
1063 1391 1202 1429 futura.

207 1455 293 1492 Rex
322 1454 543 1493 insensatus
572 1456 701 1493 nullos
729 1462 841 1505 putat
870 1469 955 1493 esse
984 1462 1124 1502 reatus,

207 1520 339 1567 Quam
368 1519 474 1569 prius
502 1527 594 1558 ante
623 1521 725 1558 fores
754 1533 867 1558 casus
897 1519 971 1558 sibi
1000 1519 1077 1558 sint
1105 1519 1302 1570 grauiores
1316 1534 1327 1568 3

205 1584 272 1622 Set
301 1583 369 1634 qui
397 1583 566 1634 prescire
593 1586 676 1623 vult
704 1598 857 1633 causaS‚
884 1584 1043 1635 expedit
1071 1584 1136 1632 ire,

205 1648 337 1687 Plebis
367 1657 405 1688 et
433 1649 569 1688 audire
597 1662 714 1688 voces
743 1663 812 1700 per
841 1663 987 1700 easque
1015 1649 1165 1688 redire:

206 1712 246 1751 Si
275 1713 323 1752 sit
352 1713 393 1751 in
422 1727 549 1753 errore
579 1714 699 1764 Regis
728 1716 789 1753 vel
818 1714 858 1752 in
888 1714 971 1753 eius
1000 1716 1162 1761 honore,

207 1779 300 1816 Hoc
329 1779 380 1817 de
409 1780 580 1817 clamore
608 1779 745 1829 populi
773 1781 963 1829 prefertur
990 1780 1041 1818 ab
1071 1793 1148 1817 ore.

207 1843 278 1881 Est
307 1842 374 1893 qui
403 1856 594 1891 morosus,
627 1845 714 1881 Rex
742 1856 824 1881 non
853 1843 924 1881 erit
952 1843 1203 1891 ambiciosus‚

205 1908 273 1945 Set
301 1908 375 1945 sub
405 1921 453 1946 eo
482 1915 611 1946 tutum
640 1907 748 1957 regni
777 1915 911 1946 manet
940 1921 1060 1946 omne
1088 1915 1302 1946 statutum:

205 1971 381 2011 Nomine
410 1974 606 2022 preclarus
635 1986 840 2022 nunquam
869 1972 941 2011 fuit
970 1974 1068 2011 vllus
1097 1986 1253 2021 auarus,

207 2037 332 2087 Larga
360 2050 500 2075 manus
529 2050 677 2076 nomen
707 2050 798 2075 curn
827 2039 944 2076 laude
973 2045 1143 2076 meretur
1172 2045 1210 2076 et
1239 2051 1382 2076 omen:

205 2103 365 2140 Nomen
395 2104 522 2152 regale
550 2102 687 2153 populi
716 2116 791 2140 vox
819 2104 888 2141 dat
916 2102 998 2149 tibi,
1030 2104 1146 2153 quale

207 2166 274 2213 Sit,
305 2166 408 2205 bene
438 2166 521 2206 siue
550 2168 663 2214 male,
694 2168 792 2206 deus
821 2167 918 2206 illud
948 2169 1068 2207 habet
1097 2167 1277 2218 speciale.

205 2233 292 2270 Rex
320 2231 389 2282 qui
416 2239 522 2271 tutus
551 2232 636 2280 eris,
668 2232 699 2271 si
728 2240 849 2272 temet
877 2247 1040 2272 noscere
1068 2234 1208 2284 queris,

204 2298 270 2336 Ad
298 2310 438 2336 vocem
466 2297 592 2348 plebis
620 2310 732 2336 aures
761 2298 956 2349 sapienter
983 2299 1173 2338 habebis:

206 2362 334 2412 Culpe
362 2363 423 2400 vel
452 2362 578 2401 laudis
608 2376 655 2401 ex
683 2363 799 2413 plebe
828 2371 989 2411 creatur,
1021 2371 1061 2402 vt
1089 2363 1217 2411 audis,

207 2427 345 2464 Fama
372 2427 524 2465 ferens
553 2428 694 2466 verba
722 2441 811 2478 que
839 2428 971 2467 dulcia
1001 2436 1091 2466 sunt
1120 2435 1159 2466 et
1190 2428 1342 2467 acerba.

206 2492 328 2529 Fama
356 2491 435 2529 cito
464 2491 612 2540 crescit,
644 2492 775 2531 subito
804 2500 938 2531 tamen
966 2492 1032 2530 illa
1059 2492 1245 2540 vanescit,

206 2556 352 2594 Saltem
381 2557 537 2594 fortuna
566 2556 714 2595 stabilis
744 2556 837 2607 quia
865 2570 947 2596 non
976 2564 1110 2596 manet
1138 2570 1241 2596 vna:

204 2619 403 2670 Principio
432 2620 529 2660 scire
556 2622 753 2660 fortunam
783 2635 852 2660 seu
880 2621 1063 2669 stabilire,

205 2686 299 2723 Non
329 2692 387 2723 est
415 2686 633 2724 humanum
663 2699 779 2736 super
807 2688 883 2725 hoc
913 2685 1010 2737 quid
1038 2699 1186 2735 ponere
1214 2688 1375 2736 planum
1391 2702 1402 2737 ‚-

206 2749 303 2788 Fine
331 2756 390 2788 set
418 2757 620 2800 expertum
648 2753 750 2790 valet
779 2750 908 2790 omnis
937 2750 1067 2789 dicere
1095 2758 1258 2798 certum,

206 2813 350 2863 Qualia
378 2821 468 2852 sunt
496 2815 609 2862 facta,
640 2815 733 2865 quia
760 2822 854 2854 tunc
883 2815 1024 2866 probat
1052 2814 1176 2854 exitus
1205 2824 1302 2855 acta.

207 2879 294 2917 Rex
322 2878 390 2929 qui
418 2878 568 2918 laudari
596 2879 704 2930 cupit
732 2887 771 2919 et
799 2881 849 2920 de
878 2880 957 2919 fine
985 2879 1103 2928 beari,

1475 2035 1562 2076 '60

1590 247 1670 296 363

1525 757 1568 788 40

1524 1406 1540 1436 5
1548 1405 1568 1426 0

1630 2245 1727 2277 Nota.

1519 2704 1559 2738 70
