2095 3173
474 271 524 310 74

914 255 1043 297 VOX
1085 253 1442 295 CLAMANTIS

553 359 620 397 Nil
649 370 854 408 possessus
884 356 1015 402 habet,
1047 355 1139 404 quia
1170 354 1350 404 quisquis
1379 353 1549 392 habetur
1578 353 1724 392 habere

554 425 673 462 Nulla
703 429 833 472 potest
849 436 859 469 5
898 433 940 459 se
970 433 1051 458 non
1081 420 1270 469 possidet,
1303 431 1395 468 ergo
1424 419 1557 456 nichil.
1872 423 1914 454 60

554 489 680 527 Seruit
710 487 863 525 habens
891 485 1046 532 habitis,
1079 497 1154 523 nec
1184 484 1304 522 habet
1335 491 1393 522 set
1422 483 1600 530 habetur,
1631 495 1793 521 auarum

555 556 709 593 Census
738 552 873 600 habet,
903 551 1069 590 domino
1098 550 1425 600 predominantur
1454 562 1561 599 opes.

554 619 657 658 Cum
688 630 863 667 nequeas
891 623 982 654 tuus
1013 628 1110 663 esse,
1141 622 1254 653 tuum
1284 615 1406 653 nichil
1435 622 1517 662 est;
1560 627 1653 653 suus
1683 625 1770 652 esse

556 684 688 721 Nemo
717 688 858 732 potest,
890 682 1005 732 igitur
1033 688 1092 720 est
1122 681 1243 719 nichil
1273 681 1350 718 hoc
1379 681 1488 730 quod
1518 679 1651 718 habes.

555 749 595 787 Si
625 749 713 798 quis
742 748 849 786 enim
879 747 1089 785 dominum
1118 759 1247 785 rerum
1277 746 1351 784 sibi
1381 745 1526 793 subdit,
1558 752 1596 784 et
1626 745 1710 794 ipsa

556 815 639 852 Res
669 814 770 852 serui
799 813 953 852 domini
981 813 1123 851 dicitur
1151 824 1238 851 esse
1267 813 1348 850 sui:

557 880 702 917 Euicto
731 892 847 917 seruo
876 879 1051 928 sequitur
1080 878 1278 927 possessio
1308 890 1478 923 seruum,

557 946 609 983 Et
639 945 788 983 cedunt
818 944 984 983 domino
1014 956 1150 981 seruus
1181 950 1219 981 et
1248 944 1331 981 eius
1361 955 1481 992 opes:

556 1010 743 1059 Adquirit
771 1010 949 1056 domino,
981 1009 1035 1046 nil
1065 1009 1236 1058 adquirit
1266 1008 1339 1046 sibi
1370 1020 1532 1056 seruus;

558 1075 762 1125 Quicquid
792 1075 922 1121 habet,
955 1074 1164 1112 dominum
1194 1081 1350 1111 constat
1379 1073 1527 1111 habere
1556 1085 1684 1110 suum.
1880 1085 1920 1119 70

558 1142 702 1179 Seruus
731 1140 900 1178 auaricie
929 1139 1004 1177 sibi
1034 1152 1115 1177 non
1145 1139 1384 1186 dominatur,
1416 1128 1584 1177 abutens

558 1205 733 1244 Arbitrio
762 1206 922 1255 proprio
951 1205 1189 1254 proprietate
1217 1211 1333 1244 caret.

559 1272 663 1311 Cum
692 1272 894 1321 proprium
925 1271 1045 1308 nichil
1075 1283 1160 1309 esse
1190 1271 1300 1318 scias,
1333 1277 1392 1309 est
1421 1270 1554 1308 danda
1582 1269 1757 1315 facultas,

559 1337 730 1386 Queque
759 1342 910 1375 retenta
939 1342 1098 1385 nocent,
1132 1336 1362 1385 particulata
1391 1336 1539 1373 iuuant.

613 1403 755 1440 Nullus
785 1403 892 1440 enim
921 1403 1063 1451 poterit
1092 1403 1281 1440 veraciter
1310 1414 1397 1440 esse
1428 1402 1577 1448 beatus,

560 1468 641 1515 Qui
671 1480 741 1505 sua
769 1480 860 1504 cum
890 1468 999 1505 socio
1028 1467 1260 1516 participare
1289 1468 1438 1517 nequit.

560 1533 641 1581 Qui
671 1533 764 1571 dare
794 1533 900 1569 nulla
930 1539 1070 1581 potest,
1103 1533 1195 1570 satis
1225 1533 1355 1582 ipsum
1386 1539 1541 1571 constat
1570 1544 1710 1582 egere;

561 1598 665 1637 Cum
694 1598 797 1636 desit
826 1598 889 1635 cui
919 1598 999 1642 det,
1030 1598 1143 1635 diues
1173 1610 1321 1647 egenus
1350 1598 1446 1646 erit;

561 1664 686 1701 Diues
716 1663 756 1700 in
785 1663 862 1701 hoc
892 1663 1001 1712 quod
1030 1662 1162 1709 habet,
1195 1669 1254 1700 set
1284 1676 1439 1712 semper
1468 1675 1616 1713 egenus
1645 1663 1686 1700 in
1716 1662 1793 1709 illo,

562 1728 685 1776 Quod
713 1740 795 1766 non
825 1728 874 1765 sit
902 1740 994 1765 cum
1024 1740 1104 1776 quo
1134 1727 1382 1777 participabit
1410 1741 1518 1778 opes.
1882 1735 1924 1765 80

562 1794 602 1831 Si
631 1792 702 1831 tibi
732 1794 780 1831 sit
810 1806 938 1831 rerum
969 1793 1167 1842 possessio
1196 1794 1311 1843 larga,
1343 1806 1418 1832 nec
1446 1795 1546 1832 vllus

562 1859 619 1897 Sit
648 1865 715 1896 tua
744 1859 806 1896 cui
837 1859 974 1905 dones,
1007 1859 1121 1907 copia
1151 1859 1258 1896 nulla
1286 1859 1381 1897 tibi:

563 1924 602 1962 Si
631 1923 703 1962 tibi
733 1924 781 1962 sit
810 1924 940 1970 facies,
972 1924 1021 1962 sit
1050 1924 1188 1971 honor,
1221 1925 1269 1962 sit
1298 1924 1436 1972 forma,
1468 1925 1518 1963 sit
1546 1925 1626 1963 alta

563 1989 683 2027 Mens
713 1988 795 2036 tibi,
827 1989 858 2026 si
888 1996 1021 2027 tamen
1051 1989 1129 2027 hoc
1159 1990 1308 2028 nesciat
1337 1991 1444 2038 alter,
1477 2002 1581 2040 eges.

564 2055 762 2103 Dispensa
792 2054 902 2104 quod
931 2053 1066 2100 habes
1096 2061 1137 2092 vt
1167 2056 1336 2093 consulit
1366 2068 1467 2103 vsus,
1499 2056 1550 2094 ad
1578 2068 1705 2102 vsum,

566 2120 660 2157 Non
690 2120 742 2158 ad
773 2120 944 2158 auaricie
974 2119 1119 2169 pabula
1148 2121 1285 2158 confer
1314 2133 1438 2170 opes:

566 2184 630 2222 Da
659 2185 787 2232 nudis,
820 2185 870 2223 da
899 2185 1137 2234 pauperibus
1168 2186 1218 2223 de
1247 2186 1460 2235 pinguibus
1490 2186 1570 2234 vti3

565 2249 696 2299 Pingit
724 2250 945 2287 amiciciam
975 2250 1271 2288 commoditatis
1301 2263 1423 2289 amor.

566 2314 671 2353 Cum
701 2313 807 2353 bona
839 2321 983 2352 cuncta
1012 2327 1130 2364 regas,
1164 2316 1225 2353 vel
1254 2316 1305 2353 ad
1334 2328 1446 2353 esum
1476 2322 1568 2354 sunt
1597 2316 1659 2355 vel
1687 2317 1738 2355 ad
1768 2329 1911 2364 vsum3

565 2380 680 2418 Velle
708 2386 820 2418 tuum
850 2380 967 2418 rebus
997 2387 1103 2418 vtere
1133 2381 1233 2418 sicut
1263 2379 1396 2418 habes.
1881 2397 1925 2431 90

567 2445 694 2482 Instat
723 2445 893 2483 auaricia
922 2452 980 2483 set
1009 2452 1117 2483 tanta
1146 2446 1281 2491 modo,
1313 2446 1420 2494 quod
1450 2446 1501 2484 ad
1530 2459 1642 2485 aures

569 2510 714 2548 Diuitis
744 2517 803 2549 est
832 2511 1024 2548 nichilum
1054 2510 1162 2560 quod
1191 2523 1280 2549 mea
1309 2512 1452 2561 scripta
1480 2511 1622 2550 ferunt.

623 2576 717 2613 Non
746 2576 870 2614 modo
899 2582 1104 2626 magnatos
1133 2582 1286 2613 tantum
1316 2577 1398 2615 fore
1427 2584 1582 2615 constat
1609 2590 1761 2625 auaros‚

568 2641 657 2678 Hos
687 2648 745 2679 set
773 2642 950 2691 vulgares
980 2641 1163 2679 nouimus
1193 2653 1278 2679 esse
1307 2654 1405 2680 reos.

569 2706 622 2742 Vt
650 2706 794 2754 gallina
823 2719 938 2744 suum
967 2706 1095 2756 granis
1124 2707 1231 2744 iecur
1260 2707 1397 2756 implet
1426 2706 1672 2756 habundum,

570 2770 633 2808 De
662 2771 836 2809 minimis
866 2784 1054 2822 magnum
1083 2772 1201 2809 sumit
1232 2777 1270 2809 et
1300 2772 1383 2821 ipsa
1412 2772 1557 2820 cibum,

998 2913 1040 2954 87
1065 2913 1108 2945 da
1123 2912 1305 2953 pinguibus
1323 2913 1381 2945 CE
