2095 3173
694 204 881 244 LIBER
922 203 1222 254 QUARTUS
1620 221 1693 257 197

275 372 352 407 Hic
398 373 580 417 loquitur
625 373 804 416 qualiter
848 372 922 407 isti
971 372 1126 407 fratres
1168 373 1457 408 mendicantes
1502 375 1694 407 mundum

229 431 463 466 circuiendo
498 432 801 475 amplioresque
836 432 1047 475 querendo
1080 431 1254 466 delicias
1280 432 1330 467 de
1362 433 1455 467 loco
1483 433 1525 466 in
1559 433 1695 467 locum

229 501 319 525 cum
346 492 438 526 ocio
465 501 511 526 se
540 491 824 525 transferunt:
860 491 1041 533 loquitur
1075 490 1207 525 eciam
1234 490 1284 525 de
1310 492 1529 535 superfluis
1555 502 1696 526 eorum

229 549 412 590 edificiis,
431 560 508 593 que
534 550 657 593 quasi
681 550 734 583 ab
753 549 877 583 huius
901 549 1029 584 seculi
1052 549 1364 593 potencioribus
1390 551 1506 585 vltra
1531 551 1693 586 modum

228 607 405 643 delicate
432 609 744 643 construuntur.

54 703 179 751 Capm.
203 701 303 738 xxiii.
398 700 544 737 Iudeos
573 712 727 748 spersos
756 700 915 737 fratrum
946 699 1137 749 dispersio
1167 701 1304 750 signat,

336 766 448 814 Quos
479 765 600 802 modo
630 777 699 813 per
727 765 921 802 mundum
952 764 1092 803 deuius
1122 777 1226 803 error
1254 766 1358 815 agit3

335 832 415 868 Iste
443 842 516 868 nec
547 830 611 868 ille
640 831 729 868 loco
759 829 908 868 stabilis
938 837 1083 877 manet,
1116 831 1238 868 immo
1268 831 1438 869 vicissim

336 897 385 933 Se
415 901 562 942 mouet,
594 902 632 932 et
661 895 765 932 varia
794 901 920 932 mutat
948 895 1096 944 vbique
1124 896 1222 934 loca.

336 961 399 999 Sic
430 961 469 998 in
498 960 663 998 circuitu
693 973 799 997 nunc
827 960 1003 998 ambulat
1034 961 1177 1009 impius
1207 960 1323 1009 orbis,

336 1027 422 1064 Nec
451 1026 595 1064 domus
625 1032 683 1063 est
712 1026 752 1063 in
781 1038 859 1075 qua
889 1038 969 1063 non
999 1026 1096 1075 petit
1125 1026 1209 1075 ipse
1237 1027 1395 1074 locum3

336 1092 522 1140 Pauperis
552 1091 592 1129 in
622 1091 754 1140 specie
783 1090 857 1128 sibi
887 1091 943 1128 sic
972 1091 1188 1129 elemosina
1217 1092 1358 1140 predas

335 1157 488 1203 Prebet‚
520 1163 558 1194 et
588 1169 655 1194 ora
684 1156 765 1205 lupi
794 1156 937 1194 vellere
965 1156 1089 1193 laruat
1117 1157 1228 1194 ouis:
1610 1173 1694 1195 imo

333 1222 498 1270 Absque
527 1221 661 1259 labore
691 1234 763 1259 suo
793 1221 898 1259 bona
929 1234 1047 1259 nemo
1077 1228 1258 1268 meretur,
1289 1229 1327 1260 et
1357 1234 1448 1271 ergo

333 1287 465 1325 Omne
494 1287 622 1325 solum
652 1287 826 1333 lustrant,
858 1287 979 1336 idque
1008 1287 1166 1336 piamen
1197 1287 1355 1325 habent.

335 1353 481 1390 Nescio
510 1353 541 1390 si
572 1365 712 1401 supera
742 1351 815 1390 sibi
845 1353 1027 1390 clauserit
1057 1352 1156 1390 ostia
1185 1353 1314 1390 celum
1331 1366 1341 1399 3

336 1419 415 1455 Dat
444 1430 562 1465 mare,
594 1418 690 1455 dant
720 1429 896 1466 ampnes,
928 1424 1091 1466 totaque
1120 1424 1220 1456 terra
1249 1418 1366 1454 viam.

335 1484 429 1521 Hoc
459 1483 556 1532 lego,
588 1483 699 1532 quod
728 1495 814 1520 raro
842 1483 981 1520 crescit
1011 1495 1088 1531 que
1118 1495 1212 1532 sepe
1241 1489 1423 1521 mouetur

336 1548 485 1595 Planta,
517 1554 575 1586 set
605 1560 651 1586 ex
681 1548 799 1586 sterili
829 1555 933 1586 sorte
962 1548 1186 1597 frequenter
1215 1554 1327 1597 eget:

333 1614 426 1651 Non
456 1620 590 1651 tamen
620 1620 678 1651 est
704 1614 834 1663 aliqua
865 1614 961 1662 quin
990 1614 1122 1662 regula
1152 1613 1249 1651 fallit
1279 1614 1318 1650 in
1349 1613 1455 1660 orbe,

332 1679 469 1716 Mocio
500 1691 591 1716 nam
621 1678 745 1716 fratris
774 1691 949 1716 crescere
978 1685 1112 1716 causat
1142 1691 1259 1726 eum3

332 1744 435 1781 Nam
466 1756 720 1793 quocumque
749 1756 841 1781 suos
871 1750 1006 1781 mouet
1035 1743 1100 1781 ille
1128 1755 1197 1792 per
1224 1743 1333 1781 arida
1360 1755 1527 1793 gressus,

332 1808 512 1846 Mundus
541 1821 633 1846 eum
663 1809 839 1857 sequitur
867 1815 905 1846 et
935 1808 1144 1845 famulatur
1173 1808 1219 1845 ei.
1608 1824 1692 1853 1130

331 1874 386 1910 Vt
415 1873 493 1922 pila
521 1873 622 1910 facta
651 1873 739 1922 pilis
768 1873 884 1911 solito
914 1873 1009 1910 dum
1039 1873 1209 1910 voluitur
1237 1873 1330 1921 ipsis

332 1938 495 1984 Crescit,
526 1944 565 1975 et
594 1950 641 1975 ex
670 1938 830 1975 modico
860 1937 1131 1986 magnificatur
1159 1949 1272 1986 opus,

331 2002 405 2050 Sic,
437 2002 502 2040 vbi
532 2014 574 2040 se
602 2003 724 2040 voluit
754 2003 879 2049 frater,
912 2002 985 2040 sibi
1015 2002 1188 2040 mundus
1219 2001 1435 2049 habundat,

332 2067 535 2116 Quicquid
566 2074 603 2105 et
633 2068 716 2116 ipse
745 2079 865 2105 manu
895 2067 1017 2116 tangit
1046 2068 1209 2105 adheret
1239 2067 1298 2105 ei:

330 2132 480 2170 Federa
509 2145 598 2170 curn
628 2132 780 2170 mundo
810 2145 879 2170 sua
907 2133 1023 2170 frater
1051 2139 1228 2181 apostata
1257 2132 1420 2181 stringit,

330 2197 393 2234 Sic
422 2204 462 2234 vt
492 2198 531 2234 in
561 2198 718 2235 occulto
747 2198 824 2235 sint
853 2197 965 2247 quasi
994 2209 1149 2246 semper
1178 2197 1296 2235 idem.

385 2262 522 2299 Multis
553 2269 610 2300 set
640 2263 813 2311 quedam
842 2262 1004 2300 virtutes
1034 2253 1123 2300 esse*
1150 2262 1343 2308 videntur,

330 2326 410 2374 Qui
440 2327 494 2363 nil
523 2327 674 2364 virtutis
704 2339 778 2365 nec
807 2326 995 2365 bonitatis
1024 2326 1173 2365 habent
1189 2340 1200 2375 3

331 2392 411 2429 Ista
441 2390 592 2429 dabunt
621 2404 772 2439 vocem,
804 2398 863 2430 set
892 2399 1007 2430 erunt
1037 2392 1229 2430 deformia
1258 2398 1403 2439 mente,

330 2456 538 2505 Multaque
567 2457 663 2495 durn
692 2458 792 2495 fiunt
820 2457 972 2507 absque
1002 2457 1127 2495 salute
1155 2457 1322 2506 placent.
1604 2472 1687 2502 1140

327 2521 393 2558 Ad
421 2521 542 2559 decus
572 2522 736 2560 ecclesie
766 2522 935 2561 deuocio
965 2522 1085 2560 seruit
1114 2534 1262 2568 eorum,

329 2586 381 2623 Et
409 2586 528 2623 veluti
558 2587 729 2635 quedam
759 2588 870 2637 signa
899 2588 1033 2626 salutis
1063 2587 1234 2625 habent:

331 2651 490 2688 Eminet
520 2651 684 2689 ecclesia
713 2659 937 2690 constructa
966 2653 1039 2690 sibi
1070 2664 1186 2701 super
1215 2663 1365 2698 omneS‚

332 2716 529 2753 Edificant
557 2723 684 2764 petras
714 2718 947 2767 sculptaque
975 2718 1079 2766 ligna
1109 2717 1245 2754 fouent
1260 2731 1270 2764 3

331 2780 550 2818 Porticibus
579 2782 711 2819 valuas
740 2783 927 2831 operosis,
960 2782 1067 2829 atria,
1099 2782 1235 2830 quales

330 2846 520 2895 Quotque
549 2852 662 2894 putas
692 2847 885 2886 thalamos
915 2848 979 2885 hic
1008 2846 1222 2885 laberintus
1252 2846 1395 2884 habet:
