2121 3173
82 2888 142 2919 175
165 2879 277 2911 Possit
294 2878 321 2910 C

601 224 798 265 PRIMA
839 223 995 265 PARS

172 331 266 369 Non
295 329 367 369 fuit
396 332 470 369 hec
499 343 611 381 pena,
644 329 796 369 delictis
826 344 903 380 que
931 331 1014 369 fore
1042 331 1160 380 plena

172 397 325 444 Posset,
353 402 391 434 et
420 397 497 434 hoc
527 403 631 434 certe
660 409 735 434 vox
764 395 890 446 plebis
921 395 1018 434 dixit
1046 402 1180 446 aperte
1196 409 1206 443 3

173 462 240 500 Set
269 460 385 499 nimis
415 468 551 499 ornate
580 475 724 511 penam
754 462 845 499 ficta
874 460 1019 512 pietate

173 525 385 564 Pontifices
414 526 513 576 regis
542 528 796 565 moderantur
824 526 875 564 ab
904 525 1043 564 ordine
1070 525 1190 576 legis:

173 590 237 630 Sic
267 604 349 629 non
379 604 473 630 ense
502 592 665 639 cadunt,
693 598 752 630 set
781 591 822 629 in
851 590 1009 630 exilium
1040 604 1147 629 mare
1176 592 1336 638 vadunt,

173 657 286 705 Quos
315 656 560 694 inconsultos
589 656 761 706 suscepit
792 655 987 694 Hibernia
1015 657 1166 695 stultos.

176 720 343 770 Legiferi
372 722 468 759 tales
498 734 614 771 super
643 734 781 759 omnes
811 728 902 759 sunt
931 721 1131 771 speciales,
1418 727 1479 758 180

174 784 294 836 Regis
323 786 374 823 ad
404 798 573 823 errorem
603 785 671 835 qui
700 787 786 835 plus
816 785 986 824 tribuere
1015 787 1202 825 fauorem.

176 849 257 888 Hic
286 863 367 888 non
396 857 500 888 sorte
528 849 610 900 pari
639 849 773 888 statuit
802 863 884 888 sors
913 851 992 888 fata
1019 850 1160 901 parari,

172 917 228 953 Vt
256 929 343 953 reus
373 915 535 965 incepit,
563 915 618 954 sic
648 917 698 954 de
728 917 911 954 mercede
940 915 1110 966 recepit:

175 981 316 1018 Exulat
345 980 418 1019 iste
447 988 581 1028 status,
612 980 685 1019 fuit
713 982 810 1019 alter
837 980 1094 1031 decapitatus,

176 1045 258 1093 Hii,
290 1059 382 1084 cum
412 1046 617 1093 ceduntur,
648 1046 699 1084 ad
729 1047 865 1084 funera
894 1047 988 1084 fune
1017 1047 1233 1084 trahuntur.

176 1110 319 1160 Dispar
348 1117 428 1149 erat
457 1124 612 1157 munus,
643 1111 767 1149 fuerat
796 1118 929 1149 tamen
958 1110 1082 1149 exitus
1110 1124 1239 1158 vnus;

176 1174 379 1226 Quicquid
408 1176 530 1214 homo
559 1175 693 1223 voluit,
725 1177 886 1214 tandem
916 1189 1020 1214 mors
1050 1175 1185 1214 omnia
1213 1175 1341 1214 soluit.

229 1242 283 1278 Vt
312 1254 378 1279 rex
406 1248 600 1291 purgetur,
632 1248 672 1279 vt
701 1254 864 1291 regnum
893 1241 1135 1289 clarificetur,

176 1307 315 1344 Restat
343 1307 475 1345 adhuc
505 1305 625 1356 queri,
656 1306 799 1356 poterit
828 1319 908 1356 quo
938 1308 1054 1356 culpa
1083 1305 1244 1345 mederi.

175 1371 341 1421 Absque
370 1372 447 1409 deo
476 1372 610 1409 fratres
640 1372 793 1409 fuerant
822 1372 899 1409 hoc
928 1378 1106 1422 tempore
1135 1379 1275 1422 patres,
1420 1387 1481 1420 190

176 1436 264 1474 Nec
293 1435 368 1474 sibi
397 1437 577 1474 confessa
605 1449 674 1486 per
703 1449 770 1474 eos
801 1444 859 1474 est
888 1438 1004 1486 culpa
1032 1449 1231 1487 repressa:

178 1503 226 1540 In
256 1500 364 1540 viciis
393 1508 514 1549 arent,
545 1501 690 1540 vicium
720 1501 788 1552 qui
817 1502 1145 1549 mundificarent3

178 1567 339 1604 Morum
369 1580 478 1605 more
506 1574 650 1614 carent,
682 1580 810 1605 mores
840 1566 908 1617 qui
937 1566 1253 1617 multiplicarent.

177 1631 340 1670 Fraudis
370 1631 410 1669 in
440 1633 664 1682 exemplum
694 1631 749 1670 sic
779 1639 877 1670 errat
906 1632 957 1670 ab
987 1631 1126 1671 ordine
1155 1633 1358 1682 templum,

176 1697 264 1735 Nec
293 1704 408 1735 cauet
436 1697 501 1735 ille
530 1704 652 1735 status
681 1697 795 1735 solita
824 1699 875 1736 de
903 1699 1019 1736 sorde
1047 1705 1201 1736 reatus:

177 1763 277 1801 Sunt
304 1762 359 1800 ita
387 1762 614 1812 transgressi
643 1764 777 1800 fratres
805 1763 856 1800 ad
886 1775 995 1800 sacra
1023 1761 1199 1812 professi,

179 1828 301 1876 Quod
329 1840 585 1877 personarum
614 1828 712 1865 deus
741 1826 866 1865 extitit
894 1828 994 1864 vltor
1023 1840 1168 1864 earum.

178 1893 244 1930 Ad
273 1893 401 1942 regale
430 1893 530 1930 latus
559 1905 641 1930 non
671 1899 729 1930 est
758 1899 880 1930 status
910 1890 1183 1938 inmaculatus,

181 1958 273 2006 Quo
302 1958 390 2007 plus
419 1970 540 2006 quam
572 1958 744 1996 Centum
773 1963 1027 1994 remouentur
1055 1955 1202 1994 abinde
1231 1955 1444 1995 clientum:

180 2023 336 2071 Lugent
364 2029 555 2069 cantores,
587 2023 758 2072 perdunt
787 2021 879 2071 quia
908 2028 1046 2059 cantus
1075 2022 1256 2068 honores,
1418 2036 1482 2058 200

180 2088 377 2136 Plangunt
405 2086 612 2137 scriptores
641 2086 805 2137 scriptos
835 2088 885 2125 de
914 2087 1050 2125 fraude
1079 2085 1247 2136 rigores:

179 2151 337 2190 Transit
365 2153 554 2199 adulator,
586 2153 795 2190 sceleratus
824 2159 862 2190 et
891 2151 1105 2199 insidiator,

182 2216 347 2256 Consilii
376 2218 513 2264 fautor,
544 2216 727 2255 inuentor
756 2224 794 2255 et
823 2216 981 2255 inuidus
1010 2224 1156 2255 auctor.

236 2283 320 2320 Stat
349 2295 488 2320 manus
518 2290 685 2330 extenta,
716 2295 790 2321 nec
819 2289 946 2320 cessat
975 2281 1094 2321 Curia
1122 2288 1241 2329 tenta,

184 2348 324 2385 Donec
353 2355 537 2397 purgetur
566 2348 680 2386 dolus
711 2347 839 2385 omnis
869 2354 907 2385 et
936 2354 1158 2385 euacuetur.

183 2411 287 2450 Falsi
315 2419 555 2462 temptarunt
582 2412 720 2460 iustos,
748 2420 806 2450 set
834 2425 916 2450 non
945 2418 1190 2462 superarunt,

183 2479 270 2516 Nec
299 2491 414 2528 prece
443 2491 517 2517 nec
547 2479 666 2525 dono,
700 2478 829 2518 Cristo
859 2477 1059 2516 mediante
1088 2484 1266 2527 patrono.
1313 2488 1317 2493 ·

183 2544 382 2593 Tempore
411 2556 490 2593 quo
520 2544 676 2582 stabant
704 2543 760 2582 hii
789 2550 876 2590 tres,
908 2556 1072 2592 regnum
1101 2542 1335 2589 solidabant,

184 2609 332 2658 Legem
361 2609 569 2647 firmabant
596 2608 816 2659 viciataque
843 2608 927 2646 iura
954 2607 1165 2657 fugabant:

184 2672 248 2712 Sic
278 2674 532 2712 emendatum
562 2675 714 2723 Regem
742 2673 891 2713 faciunt
919 2680 1163 2719 renouatum,
1425 2689 1489 2712 210

186 2738 347 2778 Cercius
376 2745 416 2776 vt
445 2739 621 2786 credunt,
654 2746 691 2777 et
720 2738 775 2778 sic
804 2752 896 2777 cum
925 2738 1042 2776 laude
1071 2738 1272 2776 recedunt.

188 2802 374 2843 Concinit
402 2816 522 2841 omne
550 2804 677 2841 forum
706 2803 991 2853 benefactaque
1020 2803 1154 2841 laudat
1182 2815 1330 2851 eorum,

404 2880 465 2910 182
490 2878 547 2910 Sic
564 2878 682 2910 CHH³

763 2880 826 2910 186
849 2879 988 2920 munus]
1007 2879 1130 2910 nimius
1146 2877 1174 2910 C

1255 2887 1314 2919 191
1340 2878 1421 2921 sibi]
1440 2877 1486 2910 ibi
1503 2878 1536 2911 Η

1547 237 1628 276 319

1548 344 1750 375 instanciam
1815 346 1961 385 prelato-

1549 398 1622 418 rum
1669 388 1796 427 absque
1842 390 1961 421 mortis

1550 431 1673 462 iudicio
1698 432 1733 462 in
1758 437 1874 471 partes
1899 433 1959 464 Hi-

1550 475 1669 506 bernie
1729 476 1850 506 exules
1918 477 1960 508 ab

1549 518 1677 559 Anglia
1708 520 1927 553 transierunt.

1597 1242 1753 1282 Qualiter
1763 1241 1891 1273 diuersi
1902 1242 1964 1272 fra—

1553 1291 1636 1324 tres,
1653 1286 1864 1317 diuersarum
1877 1286 1964 1316 curi-

1553 1340 1642 1361 arum
1663 1334 1735 1360 tunc
1756 1330 1964 1367 confessores,

1552 1384 1619 1405 vna
1631 1383 1706 1404 cum
1719 1373 1793 1403 aliis
1805 1373 1966 1404 ministris

1552 1417 1817 1457 quampluribus,
1870 1416 1966 1456 quasi

1553 1461 1651 1501 palee
1667 1461 1805 1491 invtiles
1818 1470 1880 1501 per
1891 1461 1966 1492 loca

1553 1505 1808 1545 disperguntur.

1601 2291 1757 2331 Qualiter
1807 2301 1970 2332 proceres

1557 2335 1703 2376 predicti
1748 2336 1791 2367 de
1832 2337 1970 2375 querela

1558 2379 1773 2419 principales,
1801 2379 1829 2410 si
1860 2380 1968 2418 preci-

1557 2423 1620 2454 bus
1627 2427 1683 2454 aut
1691 2423 1790 2454 donis
1797 2423 1884 2453 flecti
1894 2433 1970 2463 pos-

1558 2467 1971 2506 sent,sepissimeblandi-

1558 2515 1676 2547 untur;
1693 2509 1970 2549 setillitanquam

1558 2563 1640 2584 vere
1657 2554 1789 2585 iusticie
1810 2558 1970 2584 executo-

1559 2607 1627 2636 res,
1646 2607 1752 2637 vsque
1769 2597 1803 2627 in
1816 2607 1878 2627 sue
1891 2607 1969 2636 que-

1560 2640 1968 2672 releconsummacionem

1559 2685 1737 2715 vnanimes
1775 2688 1970 2716 constanter

1558 2729 1750 2760 astiterunt.
