2095 3173
373 211 422 250 18
906 210 1035 253 VOX
1077 210 1438 253 CLAMANTIS

588 325 668 357 tarn
703 318 883 358 fallibiles
922 320 961 357 in
1001 319 1060 357 sui
1100 319 1361 369 preiudicium
1401 319 1453 357 ita
1491 318 1674 357 ardenter
1712 316 1786 355 sibi
1824 316 1975 366 appetit

591 391 629 423 et
662 384 870 434 conspirat.
1899 375 1903 379 ⁴

373 447 501 500 Capm.
525 450 611 488 xvii.
646 451 727 488 Hic
754 450 927 499 loquitur
955 449 1123 499 qualiter
1148 450 1283 488 omnia
1308 456 1347 488 et
1374 450 1528 499 singula
1559 449 1698 487 mundi
1731 448 1846 488 huius
1876 450 1976 488 sicut

588 515 868 553 vestimentum
898 521 1158 561 veterascunt,
1189 521 1228 553 et
1262 515 1373 565 quasi
1407 514 1647 564 sompnifera
1682 514 1721 551 in
1755 514 1835 552 ictu
1869 515 1976 553 oculi

588 580 847 618 clauduntur:
886 579 1060 629 loquitur
1090 580 1215 618 eciam
1251 581 1302 619 de
1331 580 1468 619 mortis
1500 579 1691 617 memoria
1722 586 1760 617 et
1796 580 1975 619 eiusdem

588 645 760 683 nominis
790 645 1095 694 significacione.

372 709 502 760 Capm.
525 710 627 748 xviii.
659 710 740 747 Hic
760 710 934 759 loquitur
955 711 1074 760 quod,
1097 711 1280 761 quamuis
1301 711 1411 749 iustis
1432 717 1470 748 et
1492 710 1645 748 iniustis
1665 722 1765 748 vnus
1793 710 1842 748 sit
1869 718 1978 748 natu-

589 775 718 813 raliter
747 775 937 823 interitus,
969 788 1074 814 mors
1104 783 1237 815 tamen
1269 777 1358 814 iusti
1388 787 1528 814 omnes
1562 775 1771 813 exsoluens
1802 775 1978 813 miserias

589 840 674 878 eius
695 840 877 890 spiritum
897 841 1020 890 glorie
1040 841 1171 880 reddit
1191 842 1441 890 sempiterne.

373 906 502 955 Capru.
525 905 597 943 xix.
632 907 714 944 Hic
733 907 906 955 loquitur
926 907 977 945 de
997 907 1174 957 dupplici
1190 914 1317 945 morte
1337 907 1567 956 peccatoris,
1586 919 1661 944 vna
1677 918 1724 944 ex
1744 918 1821 955 qua
1837 917 1979 954 corpus

589 971 653 1009 hic
684 972 903 1018 resoluitur,
926 972 1001 1010 alia
1030 985 1077 1011 ex
1106 985 1185 1022 qua
1213 972 1336 1022 digno
1365 971 1429 1010 dei
1460 971 1608 1010 iudicio
1638 971 1751 1027 penis
1780 970 1980 1021 perpetuis

588 1038 720 1074 anima
740 1037 945 1075 cruciatur.

374 1101 502 1152 Capm.
526 1115 585 1140 xx.
618 1103 835 1152 Postquam
863 1103 914 1141 de
938 1103 1092 1153 gaudiis
1120 1110 1158 1141 et
1188 1102 1301 1152 penis
1331 1114 1408 1152 que
1437 1101 1554 1140 bonis
1583 1108 1621 1139 et
1647 1101 1759 1139 malis
1785 1100 1982 1139 debentur

590 1168 782 1215 tractauit,
805 1169 976 1206 consulit
996 1168 1155 1206 vlterius
1182 1168 1292 1217 quod
1318 1167 1592 1217 vnusquisque
1618 1166 1669 1204 ad
1696 1166 1825 1204 bonos
1851 1178 1981 1205 mores

591 1245 633 1271 se
652 1240 868 1280 conuertat‚
889 1240 927 1271 et
947 1234 998 1272 de
1018 1234 1092 1272 hiis
1113 1246 1191 1283 que
1211 1234 1454 1283 negligenter
1473 1233 1616 1276 omisit,
1632 1231 1783 1281 absque
1804 1231 1982 1281 despera-

590 1297 706 1336 cione
725 1299 917 1336 contritus
938 1299 1233 1349 indulgenciam
1252 1311 1275 1336 a
1292 1298 1369 1336 deo
1389 1298 1638 1336 confidenter
1659 1297 1852 1346 imploret.

376 1362 503 1412 Capm.
525 1363 599 1400 xxi.
634 1364 715 1400 Hic
745 1363 918 1413 loquitur
947 1364 1056 1413 quod
1086 1371 1177 1402 sunt
1206 1364 1329 1402 modo
1364 1364 1490 1412 pauci,
1523 1362 1590 1411 qui
1620 1369 1687 1400 aut
1716 1368 1876 1412 propter
1907 1362 1981 1400 celi

590 1428 774 1466 affectum
804 1435 872 1466 aut
900 1429 1083 1478 gehenne
1111 1436 1261 1467 metum
1292 1429 1409 1466 huius
1439 1428 1516 1466 vite
1545 1427 1814 1476 voluptatibus
1843 1439 1982 1465 renun-

592 1493 722 1542 ciant;
761 1501 819 1532 set
849 1506 1090 1544 quecunque
1119 1507 1210 1532 caro
1240 1494 1498 1543 concupiscit,
1530 1494 1639 1531 omni
1670 1493 1891 1543 postposita
1924 1505 1982 1531 ra-

591 1559 706 1597 cione
726 1559 935 1597 ardencius
957 1561 1145 1609 perficere
1165 1567 1369 1599 conantur.

377 1624 506 1674 Capm.
527 1625 613 1662 xxii.
648 1625 729 1663 Hic
759 1625 933 1675 loquitur
962 1626 1012 1664 de
1041 1626 1157 1664 variis
1185 1626 1369 1665 vindictis
1405 1625 1614 1664 occasione
1648 1625 1799 1675 peccati
1833 1624 1872 1662 in
1906 1624 1983 1663 hoc

592 1691 726 1728 seculo
748 1691 824 1729 iarn
846 1692 958 1740 quasi
979 1692 1126 1730 cotidie
1145 1691 1481 1742 contingentibus,
1504 1703 1583 1740 que
1609 1691 1762 1740 absque
1788 1691 1983 1729 iustorum

592 1757 763 1794 virorum
785 1758 932 1795 meritis
953 1764 992 1796 et
1012 1756 1264 1796 oracionibus
1285 1758 1508 1795 nullatenus
1529 1757 1655 1795 sedari
1677 1763 1872 1806 poterunt.

377 1821 505 1871 Capm.
529 1821 629 1858 xxiii.
663 1822 745 1860 Hic
761 1822 934 1872 loquitur
949 1823 1023 1860 sub
1040 1823 1281 1872 compendio
1297 1822 1595 1872 recapitulando
1608 1823 1776 1860 finaliter
1792 1822 1842 1861 de
1857 1822 1985 1871 singu-

593 1887 639 1925 lis
666 1888 805 1926 mundi
833 1887 1030 1937 gradibus,
1060 1890 1127 1938 qui
1153 1889 1376 1939 singillatim
1405 1901 1428 1926 a
1455 1887 1592 1926 debito
1620 1888 1826 1926 deuiantes
1846 1887 1985 1926 ordine

591 1953 754 1991 virtutes
784 1953 1047 1992 diminuendo
1075 1954 1292 2004 extingunt,
1314 1961 1353 1992 et
1379 1967 1425 1993 ea
1452 1967 1531 2004 que
1559 1954 1750 1992 viciorum
1777 1959 1868 1991 sunt
1896 1965 1985 2002 aug-

593 2018 812 2056 mentando
833 2019 1102 2067 multipliciter
1121 2025 1314 2057 exercent.

378 2082 509 2133 Capm.
530 2083 649 2120 xxiiii.
681 2084 766 2121 Iam
785 2083 825 2120 in
845 2084 924 2121 fine
944 2082 1033 2121 libri
1052 2084 1227 2133 loquitur
1246 2085 1369 2135 magis
1390 2086 1430 2123 in
1457 2084 1617 2134 speciali
1639 2084 1690 2123 de
1709 2083 1833 2134 patria
1859 2083 1925 2122 illa
1945 2084 1986 2121 in

595 2160 672 2197 qua
689 2148 772 2197 ipse
788 2155 903 2186 natus
923 2148 1059 2196 fuerat,
1081 2148 1146 2187 vbi
1167 2150 1278 2199 quasi
1300 2150 1525 2199 plangendo
1546 2150 1801 2199 conqueritur
1821 2149 1987 2198 qualiter

594 2212 766 2250 honores
787 2220 825 2251 et
844 2213 1006 2252 virtutes
1033 2221 1184 2252 veteres
1206 2227 1229 2252 a
1257 2215 1369 2252 variis
1396 2213 1547 2253 ibidem
1577 2214 1771 2253 erroribus
1801 2225 1986 2263 superue-

593 2276 806 2325 nientibus,
828 2284 869 2316 vt
890 2278 1041 2325 dicitur,
1064 2279 1115 2317 ad
1136 2291 1296 2328 presens
1317 2280 1586 2329 multipliciter
1607 2286 1858 2318 eneruantur.

379 2342 510 2393 Capm.
530 2355 615 2381 xxv.
647 2342 730 2380 Hic
758 2342 932 2392 loquitur
955 2343 1122 2392 qualiter
1148 2356 1194 2382 ea
1224 2356 1302 2393 que
1329 2344 1369 2381 in
1400 2344 1476 2382 hoc
1506 2345 1678 2394 presenti
1708 2344 1844 2383 libello
1874 2343 1985 2394 quasi

594 2407 861 2456 sompniando
888 2407 939 2445 de
968 2408 1110 2446 mundi
1140 2409 1295 2458 scripsit
1326 2408 1534 2457 erroribus,
1558 2422 1639 2447 non
1670 2422 1718 2448 ex
1746 2422 1789 2448 se
1817 2416 1983 2455 tantum,

595 2479 653 2511 set
673 2484 721 2511 ex
740 2471 867 2521 plebis
887 2484 985 2510 voce
1004 2473 1208 2511 communi
1236 2474 1432 2522 concepit.
1493 2473 1678 2513 Consulit
1705 2482 1838 2513 tamen
1865 2474 1987 2513 finali-

594 2545 653 2576 ter
672 2538 792 2587 quod,
819 2538 941 2587 siquis
969 2538 1063 2576 inde
1092 2550 1134 2576 se
1162 2538 1402 2587 culpabilem
1433 2540 1594 2587 senciat,
1616 2540 1846 2589 priusquam
1870 2538 1986 2578 nobis

594 2603 728 2652 peiora
747 2603 964 2642 succedant
985 2610 1174 2653 tempora,
1197 2616 1308 2643 suam
1330 2616 1376 2643 ex
1397 2604 1536 2643 humili
1558 2606 1680 2644 corde
1700 2606 1858 2656 culpam
1879 2605 1986 2655 peni-

596 2674 684 2706 tens
705 2668 902 2707 emendet.

422 2770 504 2801 xvii.
521 2780 542 2810 3
566 2770 673 2801 eciam
691 2769 715 2802 S
762 2771 869 2801 eciam
887 2771 921 2801 in
939 2770 1079 2811 speciali
1097 2771 1189 2802 CED
1316 2772 1408 2803 xviii.
1430 2782 1442 2802 1
1470 2773 1561 2812 quod
1577 2771 1749 2813 quamuis]
1766 2770 1938 2812 quomodo
1954 2770 1984 2801 D

378 2823 446 2853 xix.
466 2833 486 2853 2
511 2822 535 2852 S
552 2821 613 2852 has
628 2822 691 2852 lost
705 2825 768 2852 two
783 2822 886 2854 leaves
901 2823 1219 2861 (resoluitur—Lib.
1240 2822 1264 2854 I.
1282 2823 1303 2854 i.
1325 2825 1392 2862 18).
1443 2824 1661 2864 Textsollows
1675 2824 1703 2855 C
1851 2822 1948 2853 xxiii.
1966 2833 1985 2860 4

378 2879 562 2906 excercent
579 2874 637 2905 (ΣΕ
742 2875 847 2906 xxiiii.
866 2886 884 2905 2
909 2875 998 2917 ipse]
1016 2874 1073 2906 ille
1091 2875 1121 2905 D
1226 2885 1246 2913 4
1270 2881 1479 2906 enaruantur
1495 2876 1522 2907 C
1630 2887 1709 2907 xxv.
1729 2885 1749 2916 5
1774 2875 1912 2915 penitus
1927 2873 1992 2911 (ΞΕ,
