2095 3173
681 228 869 269 LIBER
909 228 1220 271 SEPTIMUS
1604 247 1681 285 311

327 333 380 372 Et
409 335 520 384 quasi
550 347 656 373 nunc
685 335 890 385 speculum
919 335 1083 374 denotat
1111 337 1241 375 omnis
1271 349 1373 375 eum.

380 400 494 438 Talia
522 413 590 450 per
618 408 737 439 terras
765 401 872 439 fatali
899 401 985 450 lege
1012 408 1210 451 geruntur,

328 465 382 503 Vt
410 473 602 514 reputant,
634 474 691 504 set
721 478 795 515 ego
825 479 907 504 non
935 465 988 503 ita
1017 474 1119 505 stare
1147 474 1267 516 puto:
1604 484 1687 516 1400

329 530 423 568 Non
452 538 510 569 est
540 531 707 578 fortuna,
740 543 818 580 que
846 530 938 569 talia
967 539 1102 569 causat
1131 532 1326 579 habenda,

328 595 415 633 Nec
445 608 539 643 sors,
571 602 629 634 set
657 596 796 633 merita
826 603 958 633 nostra
986 609 1056 645 per
1084 603 1172 634 acta
1200 598 1314 636 mala.

328 660 409 708 Qui
437 667 572 698 tamen
599 661 702 698 hanc
731 667 831 698 stare
861 660 983 698 modo
1012 662 1136 700 credit
1165 670 1203 700 et
1232 663 1335 701 hanc
1364 675 1549 702 reuocare

328 726 436 773 Vult,
467 732 605 775 purget
633 726 795 773 crimen,
827 724 883 763 sic
911 725 1114 764 reuocabit
1144 739 1256 766 eam:

327 791 469 829 Gracia
498 798 681 840 prompta
710 791 774 829 dei
803 791 1060 840 querentibus
1089 792 1322 840 inuenietur,

327 856 432 893 Nam
462 854 536 894 sibi
565 857 766 894 conuersis
795 857 955 894 vertitur
983 857 1068 906 ipse
1097 858 1207 895 deus.

328 922 437 959 Dum
465 922 530 970 pia
558 934 629 971 pro
658 934 756 970 pace
784 922 928 959 cecinit
955 923 1155 971 processio
1184 931 1293 970 terre,

327 985 539 1036 Firmaque
568 985 720 1024 iusticia
748 987 892 1025 fecerat
920 994 1008 1025 acta
1036 1000 1117 1035 sua,

327 1052 518 1102 Dumque
548 1052 645 1090 fides
675 1058 833 1090 steterat
863 1059 901 1090 et
929 1064 1041 1090 amor
1069 1053 1170 1090 sine
1199 1052 1305 1092 labe
1330 1055 1561 1102 manebat,

328 1119 472 1165 Tunc,
505 1118 614 1167 quia
641 1130 727 1167 pax
755 1117 914 1167 viguit,
948 1130 1048 1155 sors
1079 1118 1202 1156 bona
1232 1126 1403 1158 cuncta
1436 1120 1557 1159 tulit.
1602 1135 1687 1167 1410

329 1183 464 1221 Nunc
493 1182 607 1233 igitur
635 1189 769 1221 nostra
798 1182 856 1220 sit
873 1183 979 1221 wita
1007 1183 1094 1221 deo
1123 1190 1322 1232 renouata,

328 1249 392 1287 Ne
421 1261 504 1286 sors
534 1248 692 1286 fortuita
721 1249 808 1298 plus
838 1254 957 1297 queat
987 1260 1073 1286 esse
1102 1249 1228 1288 mala:

328 1314 435 1352 Vota
463 1320 616 1351 vetusta
644 1326 806 1363 precum
834 1313 997 1351 redeant
1027 1312 1192 1352 domino
1221 1313 1485 1362 dominorum,

327 1379 381 1416 Vt
410 1379 544 1417 redeat
573 1379 759 1417 dominus
789 1391 880 1416 cum
909 1379 1055 1427 pietate
1085 1379 1192 1427 suis;

330 1445 405 1482 Per
433 1457 552 1493 quem
581 1457 657 1493 pax
685 1451 723 1482 et
753 1444 881 1481 honor
910 1450 949 1482 et
977 1450 1157 1493 tempora
1186 1457 1281 1482 sana
1309 1446 1505 1493 redibunt,

328 1509 420 1558 Que
448 1521 519 1558 pro
548 1515 712 1558 peccato
742 1515 833 1547 sunt
862 1507 1027 1558 fugitiua
1054 1509 1188 1547 modo.

382 1576 574 1623 Prospera
602 1574 669 1623 qui
698 1574 838 1612 veteris
867 1574 950 1611 vult
980 1573 1168 1623 temporis
1199 1587 1285 1614 esse
1313 1583 1458 1623 renata,

329 1639 489 1678 Reddat
518 1646 556 1677 et
585 1639 771 1677 emendet
801 1639 903 1676 facta
930 1638 1060 1688 priora
1088 1640 1213 1678 nouis.

329 1705 402 1742 Est
430 1705 528 1743 deus
559 1704 643 1754 ipse
671 1705 745 1754 piis
775 1705 862 1753 pius
893 1710 932 1742 et
961 1717 1122 1742 seuerus
1151 1704 1308 1755 iniquis,

328 1770 393 1808 Sic
422 1770 525 1808 valet
553 1769 605 1808 ob
635 1768 819 1807 meritum
848 1768 1025 1819 quisquis
1054 1769 1201 1808 habere
1229 1771 1360 1808 deum.
1603 1787 1688 1817 1420

329 1836 415 1873 Nos
444 1834 569 1884 igitur,
601 1835 774 1881 domine,
805 1840 873 1872 tua
901 1834 1040 1883 gracia,
1071 1847 1149 1883 que
1178 1835 1277 1873 solet
1306 1836 1401 1873 olim

330 1900 447 1938 Ferre
475 1900 550 1938 reis
578 1898 746 1946 veniam,
778 1905 817 1936 te
846 1897 1056 1937 miserante
1085 1898 1219 1937 iuuet:

329 1965 532 2014 Anticipet
560 1965 684 2014 pietas
713 1971 781 2002 tua
809 1976 893 2010 nos,
926 1976 976 2002 ne
1005 1963 1110 2002 dicat
1139 1977 1276 2002 eorum

330 2031 451 2077 Gens,
487 2028 590 2067 ‘Vbi
619 2029 667 2067 sit
696 2027 893 2076 dominus,
924 2027 993 2078 qui
1021 2029 1120 2067 solet
1150 2042 1235 2067 esse
1263 2028 1401 2079 pius?'

330 2096 405 2143 Da,
435 2107 582 2144 precor,
613 2106 817 2132 accessum
846 2092 1025 2141 lacrimis,
1056 2093 1273 2141 mitissime,
1304 2096 1456 2141 nostris,

332 2161 437 2199 Nam
467 2159 550 2198 sine
579 2167 618 2197 te
647 2160 798 2197 nullum
829 2158 903 2197 scis
933 2159 1042 2209 quod
1072 2159 1265 2198 habemus
1294 2173 1439 2210 opem:

332 2226 451 2264 Nunc
479 2232 547 2263 tua
575 2238 646 2274 pro
675 2223 792 2274 lapsis
822 2225 968 2262 nitatur
995 2224 1125 2274 gracia
1153 2225 1281 2272 rebus,

333 2291 478 2329 Nostra
508 2303 582 2328 nec
611 2291 782 2328 anterior
812 2290 860 2328 sit
888 2289 960 2328 tibi
990 2291 1106 2339 culpa
1135 2302 1312 2329 memor:

332 2356 563 2405 Numquam
592 2356 700 2405 pigra
729 2354 800 2393 fuit
829 2354 957 2393 causis
986 2363 1054 2393 tua
1081 2356 1211 2404 gracia
1238 2355 1404 2393 nostris:

334 2421 406 2459 Est
434 2420 501 2459 vbi
529 2433 635 2458 nunc
665 2421 740 2468 illa,
771 2433 849 2470 que
879 2421 979 2459 solet
1008 2432 1094 2460 esse
1124 2421 1260 2458 salus?
1605 2436 1689 2468 1430

333 2486 418 2523 Nos
447 2492 672 2534 peccatores
701 2497 848 2532 sumus,
880 2492 918 2523 et
947 2491 989 2522 tu
1019 2485 1106 2534 plus
1135 2485 1347 2530 miserator,

332 2550 413 2588 Scit
440 2549 676 2600 bonitasque
703 2557 771 2588 tua
799 2562 871 2588 nos
901 2562 1000 2599 opus
1029 2561 1115 2587 esse
1144 2555 1280 2588 tuum:

332 2614 372 2653 Si
401 2615 488 2664 plus
517 2622 696 2665 peccaret
724 2614 790 2662 vir,
822 2615 933 2664 plura
960 2614 1157 2652 remittere
1185 2626 1332 2663 posses,

333 2680 543 2718 Materiam
571 2680 686 2718 venie
715 2692 796 2718 sors
824 2679 896 2717 tibi
925 2685 1059 2717 nostra
1087 2679 1208 2717 dedit.

271 2787 355 2816 1409
365 2777 387 2808 f.
404 2786 584 2808 commune
601 2777 739 2816 regebat
752 2777 904 2808 Perstitit
917 2776 951 2807 in
966 2776 1065 2807 nobis
1080 2782 1161 2807 tune
1175 2776 1286 2807 honor
1298 2780 1399 2816 atque
1412 2776 1502 2808 salus
1516 2776 1688 2807 EDLTH2

226 2829 381 2869 (gerebat
398 2827 440 2868 E)
590 2838 671 2867 1411
699 2829 777 2861 Sint
793 2829 894 2869 igitur
910 2832 1027 2860 nostra
1043 2828 1132 2858 bona
1148 2828 1236 2859 facta
1253 2828 1318 2859 deo
1334 2832 1498 2859 renouata
1514 2827 1688 2859 EDLTH2

226 2881 403 2921 (reuocata
420 2880 463 2921 L)
