2121 3173
451 219 532 271 368
1040 215 1195 257 LAsT
1237 213 1443 256 POEMS

761 408 907 443 RESUL‚
938 395 1043 434 ouile
1071 394 1183 445 regis,
1214 393 1281 433 vbi
1310 394 1474 433 morbus
1503 394 1617 433 adest
1646 394 1901 440 macularum,

167 469 257 499 Nota
274 469 315 499 de
339 466 536 517 primordiis
787 461 959 500 Lumina
987 461 1166 510 dumque
1194 459 1304 510 tegis,
1335 458 1575 498 tenebrescit
1603 459 1724 509 pestis
1753 472 1899 497 earum.

122 512 230 595 ἔξω
248 511 392 566 §ornate
415 521 448 542 ¹¹¹
465 510 536 542 An*
663 529 791 567 Mune
819 525 965 576 pericla
993 524 1130 575 gregis,
1161 524 1289 574 patuit
1317 523 1411 574 quia
1439 525 1551 563 stella
1579 524 1787 572 minarum,

660 593 780 631 Vnde
808 590 912 629 viam
943 589 1064 640 Regis
1092 590 1224 628 turbat
1251 602 1375 640 genus
1404 588 1646 628 insidiarum.

661 658 775 695 Velle
803 657 893 694 loco
922 654 1017 705 legis
1047 656 1244 693 mundum
1273 667 1380 692 nunc
1409 654 1519 693 ducit
1547 667 1722 700 auarum,

661 722 726 761 Sic
754 721 996 771 vbicumque
1024 719 1131 770 legis,
1162 719 1284 758 nichil
1313 726 1373 758 est
1401 719 1476 757 nisi
1505 719 1634 758 cordis
1663 731 1854 766 amarum,

662 788 785 838 Quod
814 793 973 825 maneat
1001 787 1161 833 clarum,
1193 792 1269 823 stat
1297 785 1421 824 modo
1450 785 1567 824 dulce
1595 797 1746 836 parum.

771 1105 912 1134 ULTOR
941 1092 981 1131 in
1011 1092 1177 1132 ecclesia
1205 1091 1274 1143 qui
1303 1090 1514 1131 deficiente
1543 1090 1684 1141 sophia

799 1159 959 1198 Semina
987 1171 1088 1197 vana
1117 1157 1220 1206 serit,
1252 1159 1409 1196 Messor
1436 1155 1565 1195 inanis
1594 1155 1677 1195 erit.

664 1225 736 1264 Hii
766 1232 824 1264 set
853 1226 1034 1271 cultores,
1067 1231 1158 1262 sunt
1187 1236 1357 1273 quorum
1386 1221 1539 1261 semina
1567 1234 1698 1260 mores

663 1291 729 1329 Ad
758 1303 929 1329 messem
960 1288 1088 1336 Cristi‚
1121 1289 1233 1339 plura
1260 1289 1461 1326 lucrantur
1489 1286 1555 1325 ibi.

664 1355 746 1404 Qui
775 1355 884 1406 cupit
913 1368 1004 1405 ergo
1033 1355 1164 1392 bonus
1194 1354 1371 1392 celorum
1399 1353 1508 1391 lucra
1536 1352 1714 1398 colonus,

663 1422 783 1459 Vnde
811 1422 965 1458 lucrum
994 1427 1143 1469 querat,
1175 1418 1327 1457 semina
1356 1425 1492 1457 sancta
1522 1425 1634 1456 serat.

720 1485 801 1534 Qui
830 1492 963 1535 pastor
993 1483 1111 1523 Cristi
1139 1483 1243 1521 iusto
1272 1482 1381 1533 cupit
1410 1482 1550 1521 ordine
1579 1482 1674 1529 sisti,

667 1551 761 1589 Non
791 1550 839 1588 sit
868 1563 960 1588 cum
991 1548 1121 1588 Cristo
1150 1549 1300 1598 Symon
1329 1547 1524 1586 mediator
1551 1546 1592 1585 in
1621 1546 1720 1585 isto:

666 1616 817 1664 Querat
845 1622 1046 1664 pasturam
1075 1615 1214 1651 Pastor
1242 1612 1327 1651 sine
1356 1612 1520 1650 crimine
1548 1625 1699 1662 puram,

667 1681 773 1718 Nam
803 1679 919 1717 nimis
949 1686 1008 1717 est
1036 1678 1122 1725 vile,
1154 1685 1290 1728 pascat
1319 1676 1350 1715 si
1381 1678 1529 1727 Symon
1559 1676 1674 1715 ouile.
1989 1690 2028 1713 10

668 1746 742 1783 Per
770 1746 858 1782 loca
887 1745 1052 1790 deserta,
1084 1756 1164 1793 quo
1193 1744 1302 1780 nulla
1329 1749 1438 1792 patet
1466 1741 1529 1779 via
1557 1749 1673 1788 certa,

669 1811 817 1860 Symon
847 1822 942 1848 oues
972 1808 1093 1856 ducit,
1125 1821 1222 1858 quas
1253 1806 1384 1847 Cristo
1412 1820 1499 1845 raro
1527 1805 1691 1845 reducit.

793 2133 923 2161 ICUNT
952 2120 1142 2172 scripture
1172 2133 1391 2160 memorare
1420 2119 1639 2159 nouissima
1666 2118 1773 2167 vite3

175 2195 264 2225 Nota
295 2199 414 2226 contra
454 2204 539 2225 mor·
820 2189 974 2237 Pauper
1001 2187 1053 2224 ab
1081 2187 1158 2225 hoe
1188 2187 1341 2225 mundo
1370 2184 1531 2224 transiet
1559 2184 1689 2223 omnis
1718 2185 1852 2223 homo.

130 2244 263 2269 tuorum
282 2244 495 2270 executores.
669 2254 748 2291 Dat
776 2253 934 2290 fortuna
963 2259 1086 2289 status
1115 2250 1253 2297 varios,
1284 2258 1425 2289 natura
1453 2258 1512 2289 set
1541 2263 1680 2289 omnes

669 2317 766 2356 Fine
796 2330 868 2355 suo
898 2316 1056 2362 claudit,
1089 2324 1312 2366 cunctaque
1342 2323 1469 2354 morte
1498 2315 1608 2365 rapit.

669 2384 764 2421 Post
793 2389 961 2420 mortem
989 2380 1117 2432 pauci,
1149 2380 1217 2431 qui
1246 2394 1354 2419 nunc
1383 2388 1613 2431 reputantur
1641 2379 1770 2427 amici,

668 2449 768 2486 Sunt
796 2460 992 2485 memores
1021 2445 1164 2493 anime,
1196 2445 1247 2484 sis
1276 2458 1430 2484 memor
1458 2458 1550 2495 ergo
1579 2452 1673 2484 tue:

669 2514 743 2559 Da,
775 2513 872 2550 dum
901 2519 1058 2561 tempus
1087 2511 1222 2558 habes,
1253 2509 1325 2549 tibi
1353 2509 1510 2560 propria
1538 2509 1587 2548 sit
1616 2522 1756 2548 manus
1785 2510 1925 2555 heres;

669 2578 833 2616 Auferet
862 2578 939 2615 hoc
968 2589 1100 2624 nemo,
1132 2576 1241 2626 quod
1271 2574 1384 2614 dabis
1414 2574 1498 2626 ipse
1527 2575 1616 2614 deo.

609 2662 748 2694 ‘Presul
762 2663 770 2677 '
788 2666 851 2694 &c.
902 2673 915 2692 1
936 2663 1044 2703 Regis
1062 2662 1164 2697 MSS.

607 2717 614 2731 ‘
628 2715 748 2746 Cultor
757 2716 790 2746 in
803 2715 963 2746 ecclesia'
975 2718 1038 2747 &c.
1078 2727 1098 2755 4
1110 2715 1142 2747 ff.
1158 2714 1292 2756 margin
1307 2714 1398 2746 Nota
1409 2714 1491 2755 quid
1502 2718 1656 2754 pastores
1666 2713 1803 2745 ecclesie
1814 2713 1939 2744 debent
1949 2722 2027 2744 esse

562 2772 596 2797 et
613 2768 779 2806 quomodo
797 2767 923 2798 debent
938 2768 1066 2798 intrare
1081 2768 1143 2798 &c.
1165 2767 1192 2798 E

607 2821 614 2834 ⁴
629 2818 754 2849 Dicunt
771 2818 941 2858 scripture
953 2818 960 2832 '
974 2822 1024 2850 &c
1077 2829 1097 2849 2
1114 2820 1149 2850 ff.
1166 2819 1299 2860 margin
1317 2816 1673 2858 Nota-executores]
1692 2817 1780 2848 Nota
1797 2816 1885 2857 quod
1900 2816 2028 2847 bonum

565 2873 616 2899 est
632 2870 808 2910 vnicuique
822 2880 900 2902 esse
919 2875 1082 2902 executor
1098 2871 1148 2902 sui
1166 2871 1273 2911 ipsius
1290 2870 1318 2901 Ε
1451 2879 1468 2909 7
1496 2870 1584 2901 Dum
1601 2874 1658 2901 tua
1675 2874 1808 2910 tempus
1824 2868 1930 2900 habes
1947 2867 2012 2899 ΕΗ

2107 1773 2114 1780 .
2095 1591 2116 1748 ...μαι-*ἱ
