2121 3173
571 232 864 273 SECUNDA
895 231 1049 272 PARS

188 341 259 380 Hii
288 341 386 392 regis
416 347 586 391 querunt
613 347 750 387 cartas,
781 353 878 390 quas
907 338 1184 389 optinuerunt:

186 406 250 445 Sic
280 419 322 445 se
350 407 610 452 conformant,
642 404 697 443 sic
727 417 768 443 se
797 417 888 442 cum
918 417 1007 454 rege
1036 405 1258 450 reformant,

187 472 310 521 Quod
337 470 476 509 viuunt
506 483 616 508 more
644 468 756 520 quasi
784 482 876 519 grex
903 468 1069 519 pastoris
1097 482 1242 507 amore.

188 538 282 575 Hoc
311 537 477 575 credunt
505 537 632 586 plane,
665 542 723 573 set
752 533 888 572 transit
917 541 1073 584 ternpus
1102 533 1219 573 inane
1234 548 1245 582 ;

187 602 291 641 Cum
320 614 362 639 se
391 609 492 639 stare
522 606 672 650 putant,
704 599 835 638 subito
865 612 935 637 sua
963 606 1142 649 tempora
1170 605 1334 637 mutant.
1505 615 1543 635 20

241 667 347 704 Ecce
375 667 502 704 scelus
531 678 730 714 magnum,
761 664 917 702 latitans
947 663 1059 714 quasi
1087 663 1214 714 vulpis
1243 662 1284 701 in
1311 675 1467 713 agnum,

186 729 250 768 Sic
278 729 394 768 dolus
423 735 613 778 expectat,
645 741 744 777 quos
773 727 829 765 ira
856 726 1047 765 tirannica
1076 733 1236 776 spectat.

186 795 223 834 O
253 795 367 841 fraus,
399 807 423 832 ο
452 807 531 844 que
559 794 685 840 dolus,
717 806 817 843 quos
847 805 913 831 rex
942 792 1027 830 sub
1056 791 1268 842 ymagine
1297 792 1413 837 solus,

187 861 294 897 Dum
323 860 450 898 scelus
480 858 668 905 exhausit,
699 865 780 896 tam
809 859 928 908 longo
957 865 1135 908 tempore
1163 856 1327 895 clausit!

183 926 251 964 Set
279 924 402 975 magis
430 926 481 963 ad
510 926 672 974 plenum
700 931 795 962 tunc
824 924 977 962 fuderat
1004 922 1069 961 ille
1097 935 1306 969 venenum,

185 992 278 1040 Quo
307 990 413 1041 prius
442 989 600 1028 inflatus
628 1002 844 1040 quamsepe
873 990 982 1028 dolet
1010 990 1244 1027 sceleratus:

184 1055 372 1094 Turbinis
401 1063 442 1094 vt
470 1063 621 1103 ventus,
653 1054 708 1093 sic
737 1054 845 1093 irruit
873 1067 963 1093 acra
990 1053 1175 1092 iuuentus

186 1123 234 1159 In
264 1121 436 1172 Cignum
465 1128 651 1172 spretum,
681 1121 779 1159 dum
808 1133 850 1158 se
879 1126 990 1170 putat
1019 1132 1103 1158 esse
1131 1118 1321 1170 quietum.

238 1187 275 1226 O
305 1200 424 1237 quam
453 1187 610 1225 fortuna
638 1185 787 1224 stabilis
815 1198 898 1223 non
927 1191 1131 1235 permanet
1158 1187 1258 1223 vna!

186 1252 423 1302 Exemplum
453 1251 564 1290 cuius
593 1258 668 1289 stat
697 1250 738 1288 in
767 1249 906 1289 ordine
934 1249 1117 1288 carminis
1146 1248 1272 1287 huius.
1500 1264 1543 1295 30

185 1319 271 1356 Rex
299 1317 377 1368 agit
405 1325 444 1356 et
474 1317 623 1367 Cignus
652 1316 796 1367 patitur
824 1317 875 1354 de
904 1316 1024 1354 corde
1053 1315 1258 1365 benignus,

184 1384 336 1433 Illeque
365 1390 579 1433 prostratus
608 1395 689 1420 non
719 1389 778 1420 est
807 1383 857 1420 de
886 1394 975 1431 rege
1004 1382 1181 1419 leuatus:

181 1450 248 1488 Ad
278 1450 416 1498 Plescy
444 1455 581 1498 captus
610 1455 705 1486 tunc
734 1454 793 1486 est
821 1448 927 1485 velut
955 1446 1084 1485 hostia
1112 1454 1256 1497 raptus,

183 1515 271 1552 Rex
299 1513 409 1553 iubet
437 1526 546 1552 arma
573 1513 664 1563 geri,
696 1526 769 1551 nec
798 1526 847 1551 eo
876 1512 1000 1550 voluit
1029 1511 1213 1551 misereri.

181 1579 286 1618 Cum
316 1592 461 1629 sponsa
488 1577 570 1616 nati
598 1579 732 1628 lugent
760 1577 873 1628 quasi
902 1585 1028 1616 morte
1056 1576 1216 1628 grauati,

182 1644 355 1693 Plusque
384 1644 479 1694 lupo
509 1642 609 1681 seuit
637 1656 713 1689 rex,
745 1644 967 1681 dummodo
995 1642 1143 1680 femina
1171 1641 1306 1680 fleuit:

182 1707 250 1746 Nil
278 1707 402 1758 pietas
432 1707 571 1755 munit,
601 1721 720 1757 quem
749 1715 844 1745 tunc
873 1720 1013 1745 manus
1042 1706 1179 1745 inuida
1207 1706 1348 1757 punit3

184 1775 272 1812 Rex
299 1772 406 1811 stetit
434 1772 603 1822 obliqus,
634 1786 709 1810 nec
738 1780 819 1811 erat
848 1780 942 1810 tunc
971 1785 1070 1810 vnus
1099 1771 1261 1810 amicus.

184 1838 221 1876 O
252 1838 378 1887 regale
407 1840 554 1887 genus!
593 1836 774 1886 princeps
803 1836 916 1886 quasi
945 1849 1268 1886 pauperegenus

183 1901 367 1951 Turpiter
394 1908 581 1938 attractus
610 1900 710 1939 iacet
739 1907 778 1939 et
807 1900 891 1938 sine
919 1900 1002 1938 iure
1031 1900 1228 1938 subactus.
1496 1918 1537 1947 40

184 1967 284 2003 Sunt
312 1964 367 2003 ibi
395 1966 566 2003 fautores
595 1965 694 2014 regis
723 1965 774 2003 de
803 1972 906 2003 sorte
934 1965 1092 2015 priores,

184 2030 264 2079 Qui
295 2029 466 2080 Cignum
496 2031 705 2079 prendunt,
736 2029 802 2068 vbi
831 2037 990 2080 captum
1020 2031 1164 2069 ducere
1193 2031 1385 2070 tendunt:

184 2095 248 2134 Sic
277 2095 464 2134 ducendo
495 2096 651 2133 Ducem
680 2094 808 2145 perdit
837 2095 921 2134 sine
951 2095 1099 2134 lumine
1127 2097 1257 2135 lucem

183 2159 336 2210 Anglia,
368 2173 446 2209 que
475 2167 557 2198 tota
586 2160 822 2199 tenebrescit
850 2162 938 2199 luce
967 2168 1143 2199 remota:

183 2227 309 2263 Trans
339 2239 445 2263 mare
473 2224 634 2272 natauit‚
665 2239 828 2275 regnum
858 2226 926 2276 qui
955 2239 1109 2277 semper
1136 2226 1295 2274 amauit,

183 2291 297 2328 Flent
326 2290 498 2329 Centum
530 2289 651 2337 Mille,
683 2290 775 2341 quia
804 2291 952 2341 Cignus
981 2291 1138 2342 preterit
1167 2291 1241 2330 ille.

183 2353 327 2393 Calisie
354 2363 489 2404 portus
517 2354 625 2405 petit,
656 2356 761 2394 vnde
789 2356 904 2394 dolus
933 2357 1026 2394 latet
1055 2364 1173 2403 ortus,

184 2421 300 2457 Error
327 2433 446 2469 quem
475 2419 574 2470 regis
601 2420 736 2470 genuit
764 2421 972 2471 putredine
999 2421 1117 2472 legis:

184 2484 351 2523 Carcere
380 2486 589 2523 conclusus
619 2484 750 2524 subito
779 2486 851 2524 fuit
879 2486 944 2525 ille
973 2487 1146 2525 reclusus
1162 2498 1172 2533 3

183 2548 321 2587 Nescit
349 2562 430 2599 quo
460 2550 549 2598 fine,
581 2550 630 2589 sit
658 2551 736 2590 vite
765 2551 849 2590 siue
877 2551 999 2590 ruine.
1499 2567 1538 2597 50

182 2614 298 2651 Tunc
327 2627 392 2651 rex
419 2615 566 2652 elatum
596 2615 761 2665 sumpsit
790 2615 902 2666 quasi
930 2617 1032 2654 falco
1061 2617 1246 2663 volatum,

184 2679 302 2716 Vnde
331 2691 420 2716 suas
449 2686 585 2728 gentes
614 2679 741 2729 perdit
770 2682 936 2719 custode
965 2689 1151 2719 carentes.

236 2745 387 2781 Amoto
417 2743 556 2793 Cigno,
588 2757 653 2782 rex
681 2746 835 2784 feruens
865 2747 985 2784 corde
1015 2746 1187 2796 maligno

184 2809 380 2848 Prendere
409 2809 536 2859 querit
566 2810 709 2859 Equm,
741 2824 856 2861 super
885 2812 1041 2861 hocque
1070 2813 1273 2851 reuoluere
1302 2824 1433 2852 secum

460 2900 501 2920 22
519 2890 616 2921 dolor
633 2890 665 2921 H
825 2893 867 2931 38
884 2891 987 2933 vnus]
1006 2892 1092 2923 vllus
1109 2892 1142 2924 H

128 2944 223 2963 *nevos*
793 2959 817 2984 Y

1606 720 1761 759 Qualiter
1772 731 1843 758 rex,
1854 726 1890 752 vt
1900 720 1973 761 ipse

1562 764 1625 795 sub
1652 765 1852 795 dissimilate
1880 765 1974 804 pacis

1562 809 1744 839 concordia
1813 818 1974 848 proceres

1564 852 1723 891 decipiat,
1748 851 1850 891 vulpe
1880 852 1975 883 falla-

1563 896 1635 926 cior
1651 896 1811 926 continua
1832 896 1974 927 circum-

1562 939 1732 971 uencione
1742 939 1838 970 dolos
1850 940 1977 971 machi-

1559 987 1668 1015 natur.

1605 1261 1761 1300 Qualiter
1811 1272 1871 1292 rex
1923 1262 1973 1292 sui

1561 1306 1710 1345 pectoris
1734 1306 1862 1343 odium,
1884 1307 1975 1345 quod

1560 1350 1638 1380 adiu
1652 1349 1761 1385 latuit,
1779 1349 1821 1379 ad
1835 1359 1976 1388 expres-

1560 1403 1632 1423 sam
1656 1392 1841 1423 vindictam
1867 1393 1974 1432 primo

1559 1441 1678 1467 contra
1695 1437 1815 1467 ducem
1833 1436 1975 1467 Glouer-

1561 1480 1627 1517 nie,
1655 1480 1712 1520 qui
1740 1479 1870 1519 Cignus
1894 1480 1974 1510 dici-

1561 1530 1624 1561 tur,
1644 1523 1678 1554 in
1699 1524 1806 1554 oculis
1823 1524 1973 1554 omnium

1562 1567 1701 1598 fulmine
1745 1567 1821 1606 plus
1861 1567 1973 1598 subito

1561 1611 1734 1650 produxit.
1760 1611 1846 1642 Nam
1860 1611 1974 1650 etipse

1561 1665 1622 1685 rex
1647 1655 1678 1684 in
1705 1655 1843 1694 propria
1860 1664 1975 1694 perso-

1562 1709 1604 1728 na
1615 1699 1738 1729 dictum
1752 1699 1872 1729 ducem
1885 1700 1974 1738 apud

1562 1742 1686 1781 Plescy
1752 1742 1973 1781 improuisum

1560 1796 1660 1816 manu
1694 1786 1772 1816 forti
1804 1786 1903 1825 cepit,
1939 1791 1972 1816 et

1558 1839 1636 1859 eum
1663 1830 1710 1860 sic
1735 1833 1869 1868 captum
1887 1829 1974 1860 Cali-

1557 1872 1625 1903 sias
1653 1872 1793 1903 indilate
1819 1873 1970 1912 produci,

1558 1920 1592 1946 et
1617 1916 1661 1946 ibi
1684 1916 1746 1947 sub
1768 1921 1841 1947 arta
1862 1921 1974 1947 custo-

1558 1960 1972 1992 diastricciusincarcera-

1561 2004 1587 2033 ri
1606 2003 1795 2035 constituit.

1599 2745 1757 2784 Qualiter
1795 2758 1869 2785 rex,
1909 2748 1965 2785 qui

1555 2799 1617 2828 per
1655 2790 1744 2820 mille
1783 2791 1966 2822 meandros

1556 2843 1733 2872 procerum
1741 2836 1842 2866 corda
1852 2835 1967 2874 exagi-
