2095 3173
481 201 562 227 200

950 189 1098 230 ΧῙΟΧ“
1121 189 1478 231 CLAMANTIS

590 297 628 334 Si
660 296 900 346 veniantque
929 296 1049 333 michi
1079 297 1182 334 mala
1210 303 1403 346 tempora,
1432 297 1552 335 credo
1582 298 1690 347 quod
1720 299 1781 338 isti

590 363 652 400 De
681 363 786 399 clero
815 374 976 398 causam
1006 361 1102 399 dant
1131 362 1248 399 nimis
1279 362 1372 400 inde
1401 374 1591 411 grauem;

591 428 691 476 Quis
722 426 863 476 poterit
893 438 1067 476 namque
1097 426 1212 465 nobis
1243 426 1350 465 bona
1379 434 1557 477 tempora
1586 428 1696 475 ferre,

591 493 743 531 Ordine
772 492 967 529 claustrali
998 491 1095 529 dum
1125 493 1223 542 perit
1253 493 1352 530 ordo
1382 493 1457 540 dei,

591 558 642 595 Et
673 557 769 606 fugit
797 569 820 594 a
848 557 1001 606 reliquo
1031 558 1200 596 deuocio
1230 558 1352 596 celica
1382 559 1520 596 clero?

590 623 654 661 Sic
683 622 780 672 fugit
809 634 832 659 a
862 621 978 660 nobis
1008 623 1183 672 vndique
1214 629 1347 661 nostra
1376 624 1493 662 salus.
1868 640 1954 662 1220

592 689 695 725 Nam
725 687 818 736 quia
848 687 903 724 sic
934 688 1053 726 medii
1084 688 1223 726 fallunt
1252 688 1486 727 discorditer
1515 689 1601 738 ipsi,

592 754 732 803 Ignaui
762 754 900 802 populi
930 759 1079 791 stamus
1109 754 1149 790 in
1179 753 1276 791 orbe
1305 755 1405 803 vagi.

646 818 756 867 Quid
786 818 861 856 sibi
891 831 1033 867 corpus
1064 818 1184 856 habet
1214 819 1253 855 in
1284 831 1343 865 eo,
1375 820 1448 857 nisi
1480 820 1637 869 spiritus
1667 826 1781 868 extet,

593 881 703 930 Quid
733 880 806 919 nisi
838 893 910 918 nos
939 882 1065 919 clerus
1096 881 1224 930 suplet
1254 882 1294 918 in
1324 881 1420 920 orbe
1449 883 1567 931 pius?

592 949 628 984 A
658 947 792 996 planta
821 947 939 996 capiti
970 953 1028 984 set
1057 947 1124 996 qui
1154 947 1378 985 discernere
1410 947 1503 985 cleri

591 1013 688 1050 Vult
715 1025 840 1062 genus
869 1019 937 1050 aut
966 1013 1151 1062 speciem,
1181 1012 1244 1049 vix
1273 1013 1370 1050 sciet
1399 1013 1492 1051 inde
1521 1012 1685 1052 bonum.

592 1080 656 1118 Sic
687 1079 752 1117 vbi
781 1079 857 1125 lux,
890 1078 1064 1126 tenebre,
1096 1079 1152 1116 sic
1180 1091 1298 1126 mors,
1330 1078 1395 1116 vbi
1425 1080 1608 1117 normula
1637 1080 1715 1118 vite

594 1145 810 1182 Instrueret
840 1156 977 1182 sanam
1006 1144 1191 1194 gentibus
1222 1144 1276 1182 ire
1305 1144 1423 1182 viam.

592 1211 646 1248 Vt
675 1210 813 1248 dicunt
843 1210 907 1247 alii
937 1210 989 1248 de
1018 1210 1133 1257 clero,
1167 1209 1222 1247 sic
1251 1222 1326 1260 ego
1355 1210 1446 1257 dixi,

597 1276 690 1323 Quo
719 1275 843 1313 creuit
872 1275 1033 1324 reliquis
1063 1287 1169 1313 error
1197 1275 1238 1312 in
1268 1274 1364 1313 orbe
1393 1275 1543 1325 magis:
1875 1293 1959 1324 1230

594 1341 699 1378 Nam
730 1341 815 1378 sine
844 1347 1000 1389 pastore
1028 1352 1120 1389 grex
1149 1346 1208 1378 est
1237 1340 1448 1390 dispersus,
1481 1348 1520 1379 et
1550 1353 1644 1379 ecce

594 1407 746 1444 Pascua
775 1406 927 1455 peccati
957 1406 1085 1454 querit
1113 1404 1260 1455 vbique
1290 1407 1396 1444 noui.

490 1555 504 1578 1
517 1553 639 1578 221-1
652 1553 740 1588 232.
775 1540 875 1577 Text
894 1540 1021 1577 STH2
1077 1519 1304 1588 Asfollows
1322 1540 1364 1577 2⁸72
1386 1539 1635 1589 CEHGDL,

596 1607 715 1643 Nunc
745 1605 838 1654 quia
867 1605 922 1642 sic
954 1604 1057 1643 Cleri
1089 1617 1172 1642 sors
1202 1612 1302 1643 errat
1331 1606 1382 1644 ab
1412 1607 1552 1645 ordine
1582 1607 1714 1655 Cristi‚

594 1671 768 1719 Vsurpat
798 1670 971 1707 mundus
1001 1682 1079 1719 que
1108 1677 1223 1719 negat
1254 1671 1337 1719 ipse
1367 1671 1478 1709 deus.

652 1737 758 1773 Dum
789 1742 866 1782 tua,
900 1735 1096 1782 Burnelle,
1128 1736 1235 1773 scola
1264 1736 1313 1773 sit
1342 1737 1567 1775 communis
1597 1738 1637 1775 in
1667 1737 1775 1785 orbe,

596 1803 633 1838 A
662 1801 795 1850 planta
824 1801 943 1849 capiti
974 1800 1117 1838 fallitur
1145 1801 1276 1839 omnis
1306 1801 1387 1840 ibi:

597 1867 676 1905 Sed
706 1879 797 1904 cum
828 1866 1005 1916 Gregorii
1036 1866 1143 1904 scola
1172 1867 1279 1904 fulsit
1308 1867 1348 1904 in
1378 1867 1475 1905 orbe
1504 1867 1621 1915 beati,

596 1934 701 1971 Vera
731 1932 829 1970 fides
859 1932 993 1981 viguit,
1024 1938 1248 1981 cunctaque
1279 1944 1377 1981 pace
1405 1932 1505 1970 tulit.

598 1999 716 2036 Nunc
746 2004 879 2035 tamen
910 2003 969 2035 est
998 1997 1115 2035 Arius
1145 2010 1286 2045 nouus,
1318 2005 1376 2036 est
1407 1999 1518 2047 quasi
1549 1999 1798 2048 Iouinianus,

599 2065 751 2102 Doctor
780 2063 820 2100 in
850 2063 1026 2100 ecclesiis
1055 2063 1197 2100 scisma
1227 2064 1430 2101 mouendo
1460 2064 1589 2102 scolis.

598 2129 662 2167 Sic
692 2128 757 2166 vbi
787 2129 862 2175 lux,
894 2127 1067 2174 tenebre,
1100 2128 1155 2165 sic
1186 2141 1302 2175 mors,
1335 2128 1400 2166 vbi
1430 2130 1563 2179 regula
1594 2130 1672 2168 vite

599 2195 815 2232 Instrueret
845 2199 992 2230 rectam
1021 2192 1205 2242 gentibus
1235 2193 1289 2230 ire
1318 2194 1433 2231 viam.
1851 2193 1959 2242 1230*

601 2258 780 2307 Quilibet
810 2269 901 2307 ergo
931 2257 1072 2305 bonus,
1104 2257 1152 2295 sit
1182 2259 1295 2296 miles
1325 2259 1410 2297 siue
1440 2259 1632 2308 Colonus‚

601 2325 729 2363 Orans
759 2336 830 2374 pro
860 2323 977 2362 Clero
1007 2323 1074 2361 det
1104 2335 1174 2361 sua
1203 2330 1294 2361 vota
1324 2324 1414 2362 deo,

780 2425 863 2455 1215
893 2414 971 2446 Text
986 2415 1093 2446 STHa
1139 2415 1176 2447 Si
1193 2415 1331 2447 veniant
1347 2416 1463 2447 mundi
1479 2416 1675 2448 CEHGDL

778 2472 879 2510 1225*<
905 2470 1016 2501 fulscit
1033 2469 1103 2501 HG
