2095 3173
417 217 498 244 220
884 204 1015 246 VOX
1054 203 1418 246 CLAMANTIS

527 311 594 349 Set
624 311 690 361 qui
720 310 912 349 iudicium
942 310 1072 348 cordis
1102 310 1183 348 vult
1213 310 1378 348 reddere
1408 310 1566 356 iustum,

527 376 660 415 Credo
690 375 800 425 quod
828 382 921 413 ante
952 375 1072 413 deum
1103 387 1145 413 se
1175 374 1287 413 dabit
1317 374 1412 413 inde
1441 386 1565 413 reum.

529 443 681 481 Omnes
711 453 885 490 namque
915 441 1032 479 lucris
1063 441 1118 478 sic
1147 441 1348 478 tendimus
1378 439 1566 478 omnibus
1595 439 1712 486 horis,

530 507 653 556 Quod
683 507 761 543 iam
791 505 890 544 festa
919 506 996 544 deo
1027 507 1091 544 vix
1121 512 1256 544 manet
1285 518 1362 544 vna
1391 505 1487 544 dies.

530 573 566 611 O
597 584 718 621 quam
749 571 898 610 Iudeus
928 571 1081 610 domini
1112 583 1220 609 sacra
1250 570 1416 609 sabbata
1446 577 1586 618 seruat,

531 639 625 676 Non
655 637 833 676 vendens
863 649 937 676 nee
966 649 1118 685 emens,
1147 649 1222 675 nec
1252 636 1325 675 sibi
1356 637 1463 674 lucra
1491 637 1654 686 petens!

532 704 614 742 Lex
642 703 779 741 diuina
808 702 930 749 iubet,
960 703 1069 753 quod
1098 703 1220 741 homo
1251 714 1321 740 sua
1350 701 1515 740 sabbata
1544 706 1680 747 sacret,

531 769 841 819 Sanctificetque
870 769 989 816 diem,
1022 781 1103 818 quo
1132 769 1236 806 colat
1266 768 1350 818 ipse
1380 768 1512 806 deum.
1835 770 1901 812 690

532 835 635 874 Cum
666 834 818 884 plueret
848 846 994 872 manna
1024 846 1093 884 per
1122 833 1323 872 desertum
1355 833 1454 871 deus
1483 833 1590 880 olim,

534 900 657 949 Quod
686 900 778 938 fecit
807 900 977 950 populus
1007 906 1103 938 tunc
1133 899 1255 937 modo
1285 899 1395 949 signa
1425 905 1559 936 notat:

535 966 696 1016 Duppla
725 966 790 1004 die
820 973 928 1004 sexta
958 965 1152 1004 tollebant
1182 965 1295 1012 faeta,
1327 963 1503 1002 laborem

536 1032 778 1079 Ostendunt‚
810 1032 903 1081 quia
932 1032 997 1069 lux
1026 1031 1195 1081 septima
1224 1030 1351 1069 nescit
1381 1042 1495 1079 opus.

537 1097 685 1136 Omnia
715 1103 774 1136 set
803 1097 908 1135 licita
938 1104 1030 1135 sunt
1059 1096 1175 1135 nobis
1206 1097 1292 1146 lege
1321 1096 1540 1134 moderna:

537 1164 739 1213 Respectu
769 1163 866 1201 lucri
895 1163 992 1213 quid
1023 1175 1132 1200 sacra
1162 1162 1260 1200 festa
1290 1161 1444 1199 michi?

539 1228 605 1266 Nil
635 1229 758 1267 modo
789 1236 957 1275 curatur,
989 1241 1067 1278 qua
1097 1228 1223 1266 forma
1252 1228 1421 1277 quisque
1451 1227 1631 1273 lucratur,

539 1295 647 1332 Dum
678 1301 812 1332 tamen
845 1294 928 1344 ipse
958 1307 1075 1332 suum
1106 1294 1230 1343 possit
1260 1292 1406 1331 habere
1436 1293 1601 1331 lucrum.

540 1360 616 1397 Dic
646 1360 767 1397 michi
798 1360 885 1410 quis
916 1360 1046 1398 socius
1077 1366 1135 1397 est
1164 1365 1232 1397 aut
1263 1359 1335 1397 tibi
1365 1371 1478 1397 carus
1507 1358 1671 1404 amicus,

539 1425 664 1464 Cuius
694 1425 874 1463 amicicia
904 1426 977 1463 fert
1008 1425 1080 1462 tibi
1111 1425 1218 1462 nulla
1247 1425 1365 1462 lucra.
1844 1435 1907 1468 700

540 1490 616 1528 Dic
646 1490 769 1528 modo
801 1490 889 1540 quis
919 1490 1017 1527 ciuis
1047 1496 1182 1528 manet
1211 1502 1349 1539 expers
1378 1489 1526 1527 fraudis
1556 1488 1596 1526 in
1627 1487 1745 1526 vrbe:

540 1556 579 1593 Si
610 1556 724 1594 fuerit
754 1556 853 1601 talis,
885 1555 975 1594 vrbs
1006 1568 1094 1593 mea
1123 1555 1186 1593 vix
1216 1556 1288 1593 scit
1317 1567 1419 1593 eum.

480 1693 558 1727 Hie
596 1693 780 1736 loquitur
814 1692 863 1726 de
897 1691 1007 1726 binis
1040 1691 1240 1725 Auaricie
1273 1690 1451 1730 filiabus,
1491 1689 1653 1724 seilicet
1690 1687 1830 1722 Vsura
1870 1689 1911 1722 et

434 1752 607 1793 Fraude,
626 1762 705 1795 que
722 1751 767 1785 in
791 1750 966 1785 ciuitate
991 1751 1177 1785 orientes
1201 1749 1252 1783 ad
1271 1750 1421 1784 ciuium
1440 1748 1766 1792 negociaciones
1783 1757 1912 1782 secre-

434 1814 521 1846 tum
539 1812 733 1856 prestant
752 1809 1013 1853 obsequium.
1063 1809 1139 1844 Set
1157 1809 1289 1852 primo
1309 1808 1420 1842 dicet
1433 1807 1483 1842 de
1503 1806 1746 1841 condicione
1764 1805 1910 1846 Vsure,

436 1881 514 1915 que
533 1870 652 1905 vrbis
669 1868 982 1914 potencioribus
1004 1878 1082 1902 sua
1099 1867 1192 1902 iura
1210 1867 1437 1911 specialius
1453 1866 1682 1901 ministrat·

303 1954 431 2003 Capm.
455 1953 516 1991 xii.
604 1951 641 1990 O
671 1963 790 2001 quam
821 1949 984 1988 subtiles
1016 1950 1136 1987 Fraus
1165 1961 1212 1987 ac
1240 1949 1370 1986 Vsura
1398 1960 1551 1986 sorores

547 2017 658 2063 Sunt,
690 2015 836 2066 quibus
865 2014 1003 2053 vrbani
1033 2015 1130 2052 dant
1159 2027 1229 2053 sua
1258 2014 1341 2052 iura
1370 2013 1506 2063 quasi!

549 2083 640 2120 Hee
669 2082 823 2119 fuerant
851 2081 984 2131 genite
1013 2080 1180 2118 diuersis
1209 2080 1385 2130 patribus
1415 2078 1521 2125 vrbe,

549 2149 660 2197 Quas
689 2147 841 2196 peperit
871 2147 954 2184 sola
984 2152 1107 2184 mater
1137 2145 1345 2193 Auaricia3

550 2213 622 2251 Est
651 2219 760 2262 pater
788 2213 916 2249 Vsure
945 2223 1110 2259 magnus
1140 2210 1333 2259 diuesque
1363 2215 1534 2256 monete,

554 2279 626 2316 Est
656 2279 777 2315 Fraus
808 2284 846 2315 et
875 2276 993 2326 vulgo
1023 2276 1259 2325 degenerata
1289 2281 1448 2324 stupro:

553 2344 617 2382 Sic
647 2356 757 2381 soror
786 2343 914 2379 Vsura
944 2347 1020 2378 stat
1050 2341 1222 2378 nobilior
1249 2340 1440 2389 genitura,

555 2410 688 2458 Quam
718 2409 862 2446 Clamat
891 2414 1025 2444 natam
1055 2406 1168 2444 diues
1197 2406 1343 2443 habere
1373 2418 1497 2443 suani.

554 2474 701 2512 Nititur
730 2474 804 2511 hec
833 2484 995 2522 magnas
1025 2471 1098 2509 sub
1128 2471 1239 2508 elaue
1269 2471 1485 2509 recondere
1514 2482 1700 2517 summas,

556 2541 615 2577 Ex
644 2538 789 2588 quibus
819 2538 981 2576 insidias
1011 2537 1161 2586 perficit
1191 2536 1275 2584 ipsa
1305 2548 1417 2573 suas:

558 2606 639 2642 Ista
669 2617 777 2642 soror
806 2604 982 2652 dampno
1012 2603 1138 2640 solum
1169 2601 1273 2650 viget
1302 2613 1348 2638 ex
1375 2601 1518 2647 alieno,

559 2670 730 2708 Alterius
760 2670 935 2718 dampna
964 2668 1060 2706 dant
1090 2667 1164 2705 sibi
1194 2667 1291 2705 ferre
1321 2668 1452 2705 lucra:

560 2736 631 2772 Est
660 2747 769 2772 soror
798 2735 870 2772 ista
899 2740 1051 2783 potens,
1082 2733 1189 2770 aulas
1220 2744 1297 2782 que
1327 2732 1464 2769 struxit
1493 2732 1533 2769 in
1561 2731 1670 2779 vrbe,

561 2801 611 2837 Et
640 2806 774 2838 tamen
802 2806 973 2849 agrestes
1002 2799 1166 2847 dissipat
1195 2798 1278 2846 ipsa
1307 2798 1474 2845 domos3

561 2865 642 2903 Ista
671 2877 781 2903 soror
809 2865 937 2903 ciuem
968 2865 1077 2912 ditat,
1110 2870 1168 2902 set
1198 2863 1332 2901 militis
1362 2875 1501 2900 aurum

1879 2418 1916 2440 10

1855 2416 1871 2450 κῐ
