2095 3173
680 219 867 260 LIBER
907 219 1149 260 SEXTUS
1570 233 1649 273 253

294 326 460 364 Dulcius
492 333 550 365 est
579 326 763 364 mercede
792 326 903 364 labor
931 326 998 376 qui
1028 326 1127 375 regis
1157 325 1350 363 honorem

293 392 462 440 Spectat,
495 399 533 430 et
563 392 602 429 in
633 392 699 429 tali
731 404 842 441 spem
871 391 943 430 tibi
972 392 1070 429 ferre
1099 397 1222 440 potes.

292 457 362 494 Est
393 457 460 506 qui
490 457 689 506 pacificus,
722 465 780 496 est
809 458 866 495 vir
895 457 961 507 qui
992 457 1083 495 iuris
1112 456 1274 503 amicus,

291 521 410 559 Liber
438 522 618 569 auaricie,
649 523 775 571 largus
805 522 856 560 ad
885 533 1004 560 omne
1032 520 1196 564 bonum,

289 586 410 624 Vtere
438 587 604 624 consilio
633 587 710 633 tali,
743 587 806 635 pie
834 598 911 633 rex,
942 592 982 623 vt
1011 585 1217 623 habundet

290 650 460 690 Cronica
490 658 679 700 perpetue
708 651 835 689 laudis
865 651 905 687 in
935 649 1030 688 orbe
1059 656 1137 688 tue.

291 716 414 753 Fama
445 716 582 754 volans
612 716 741 766 gratis,
774 715 884 753 nullo
914 716 1094 753 soluente
1123 714 1322 761 cathenas,

290 781 512 818 Proclamat
541 781 689 819 meritis
720 781 792 818 ista
820 781 882 819 vel
911 781 975 818 illa
1004 780 1106 818 tuis:
1586 786 1650 826 780

289 845 461 893 Nomen,
492 846 619 893 crede,
653 846 805 884 bonum
834 858 945 896 gasas
974 845 1160 895 precellit,
1192 844 1385 883 honorem

289 910 521 958 Conseruat,
552 918 730 950 remouet
760 912 953 957 scandala,
986 911 1103 948 laude
1131 910 1259 960 viget:

287 977 426 1026 Tange
456 976 607 1014 bonum
638 977 785 1023 florem,
818 977 976 1014 dulcem
1006 974 1196 1025 prestabit
1224 975 1402 1022 odorem,

289 1041 352 1078 Sic
382 1042 582 1091 virtusque
611 1042 681 1079 viri
710 1042 849 1091 fragrat
878 1041 1025 1091 vbique
1053 1040 1162 1079 boni.

290 1105 469 1146 Consule
498 1108 681 1146 doctores
711 1108 817 1157 legis,
849 1107 1011 1145 discede
1039 1107 1234 1144 malorum

288 1174 325 1210 A
354 1173 651 1220 conventiculis,
682 1172 951 1211 concomitare
980 1172 1133 1210 bonos:

287 1238 341 1275 Vt
370 1250 534 1287 granum
565 1238 615 1276 de
644 1249 772 1275 messe
801 1236 882 1283 tibi,
915 1237 966 1275 de
996 1237 1105 1275 fonte
1135 1235 1280 1274 salubri

288 1303 447 1349 Pocula,
479 1303 529 1340 de
559 1302 679 1340 docto
709 1302 894 1352 dogmata
924 1308 1057 1340 mente
1086 1301 1202 1351 legas.

226 1463 304 1497 Hic
337 1464 520 1508 loquitur
554 1464 732 1508 qualiter
765 1464 925 1507 regiam
958 1464 1197 1498 libertatem
1223 1463 1267 1497 in
1292 1464 1497 1498 viciorum
1522 1465 1649 1500 nulla-

178 1521 302 1555 tenus
325 1522 444 1557 decet
469 1523 652 1557 incidere
678 1522 935 1563 seruitutem,
962 1524 1029 1557 set
1054 1522 1164 1556 sicut
1190 1531 1334 1556 coram
1360 1523 1512 1566 populo
1541 1523 1649 1558 alios

178 1580 344 1615 excellit
367 1581 576 1625 potencia,
593 1582 655 1616 ita
681 1591 824 1616 coram
847 1581 924 1616 deo
950 1591 1023 1625 pre
1049 1580 1202 1615 ceteris
1228 1581 1421 1625 ampliori
1445 1582 1650 1616 virtutum

178 1637 387 1674 clarescat
411 1639 718 1675 habundancia.

60 1722 190 1771 Capul.
212 1728 259 1764 xi.

346 1728 481 1767 Gloria
510 1729 626 1776 nulla,
659 1741 806 1778 precor,
838 1735 887 1776 te,
918 1740 994 1775 rex,
1027 1728 1186 1766 extollat
1215 1728 1353 1776 inanis,

286 1793 413 1831 Tedia
442 1806 535 1832 narn
564 1794 720 1843 populis
749 1794 828 1831 vita
857 1792 1026 1842 superba
1055 1793 1165 1842 parit.
1585 1807 1648 1842 790

287 1858 430 1896 Musca
460 1865 577 1896 nocet
606 1859 774 1906 modica,
806 1858 974 1896 modicis
1004 1858 1055 1895 sis
1084 1858 1274 1906 prouidus
1304 1870 1407 1908 ergo,

288 1923 381 1960 Non
411 1923 558 1961 faciunt
587 1930 692 1961 tutos
722 1923 826 1972 regia
855 1930 988 1972 ceptra
1016 1935 1135 1960 suos:

288 1989 462 2037 Exiguus
491 2001 679 2037 magnum
708 1989 799 2026 vicit
830 1988 963 2026 Dauid
992 1988 1056 2026 ille
1086 1987 1256 2033 Goliam,

289 2054 394 2092 Nam
422 2054 543 2092 virtus
572 2054 731 2091 humilis
760 2054 880 2091 corda
909 2053 1078 2102 superba
1107 2053 1257 2091 domat.

286 2119 438 2158 Cristus
467 2131 604 2156 amans
633 2118 802 2156 humiles
831 2118 945 2165 leuat,
978 2124 1016 2156 et
1046 2118 1096 2155 de
1126 2117 1246 2156 corde
1275 2117 1465 2167 superbos

285 2183 439 2231 Obruit,
472 2196 563 2234 ergo
592 2185 665 2233 pie,
697 2196 773 2230 reX‚
805 2190 872 2221 tua
900 2195 1019 2233 regna
1047 2195 1150 2232 rege.

287 2249 344 2287 Sit
373 2249 444 2287 tibi
473 2248 672 2287 credibilis
703 2261 832 2286 sermo
860 2248 1124 2297 consultaque
1153 2245 1284 2294 verba,

288 2314 391 2362 Quo,
423 2313 566 2364 quibus
595 2321 634 2352 et
664 2313 836 2363 quando,
868 2313 968 2352 sicut
997 2319 1152 2362 oportet
1183 2313 1268 2362 agi:

286 2380 340 2417 Vt
370 2380 557 2429 scriptura
586 2379 707 2417 fidem
736 2385 827 2416 tuus
856 2379 977 2417 addat
1007 2390 1137 2416 sermo
1166 2390 1236 2426 per
1264 2389 1389 2424 aures,

287 2443 421 2483 Verba
449 2445 579 2483 minus
607 2444 703 2483 certi
734 2444 825 2482 ficta
854 2443 1005 2481 timoris
1036 2441 1196 2480 habent.
1581 2451 1645 2482 800

290 2510 438 2557 Mocio,
470 2522 549 2558 rex,
577 2510 617 2547 in
646 2517 685 2549 te
714 2509 846 2549 subito
875 2521 956 2547 non
987 2508 1106 2546 irruat
1134 2508 1213 2555 ire;

288 2575 438 2615 Causas
467 2575 619 2614 iusticie
648 2582 706 2614 set
735 2575 986 2614 moderanter
1014 2585 1109 2623 age:

290 2641 353 2678 Ira
381 2652 548 2679 mouens
576 2641 753 2678 animum
782 2640 882 2678 tollit
911 2638 986 2677 sibi
1013 2639 1093 2676 vim
1122 2637 1301 2685 racionis,

290 2706 340 2743 Et
370 2705 538 2743 discreta
567 2718 636 2744 sue
664 2705 807 2744 mentis
836 2703 989 2754 agenda
1017 2709 1145 2753 negat.

225 2858 288 2888 779
312 2848 469 2879 soluente
486 2846 582 2878 CEH
629 2847 768 2879 iubente
786 2846 909 2879 SGDL
1000 2855 1060 2886 791
1087 2844 1151 2886 sis]
1169 2845 1218 2876 sic
1235 2844 1294 2876 CE
1397 2855 1459 2886 792
1483 2849 1598 2884 septra
1616 2845 1642 2876 C

181 2905 315 2940 sceptra
333 2899 359 2931 E
