2912 4368
1649 816 1777 855 VOX
1819 814 2178 855 CLAMANTIS

1293 925 1480 973 ‘Accipe‚
1513 924 1603 970 rex,’
1636 923 1775 971 inquit,
1808 924 1915 970 ‘quo
1946 921 2112 958 consilio
2142 926 2256 969 potes
2287 920 2366 958 vti:

1291 991 1385 1028 Non
1415 990 1535 1027 vincit
1565 988 1735 1037 populus
1765 986 1911 1024 viribus
1942 987 2004 1024 ille
2034 986 2141 1033 suis;

1291 1056 1423 1093 Immo
1453 1054 1624 1091 colendo
1654 1053 1774 1091 deum
1804 1064 2028 1102 corpusque
2057 1051 2231 1101 gerendo
2260 1051 2460 1100 pudicum,

1290 1121 1460 1158 Vincere
1490 1131 1645 1168 semper
1675 1118 1795 1156 habet
1825 1118 1890 1156 ille
1919 1130 1987 1167 per
2017 1118 2090 1155 ista
2120 1117 2213 1155 duo.
2589 1123 2655 1152 830

1290 1187 1343 1223 Vt
1373 1198 1533 1235 superes
1564 1186 1673 1222 illum
1704 1197 1785 1222 non
1818 1185 1947 1221 Marte
1977 1190 2036 1221 set
2066 1190 2159 1225 arte,
2190 1182 2338 1232 puellas

1292 1252 1415 1301 Elige,
1448 1264 1544 1301 quas
1576 1258 1688 1289 ornat
1718 1250 1836 1288 vestis
1867 1257 1905 1287 et
1935 1250 2011 1288 oris
2042 1249 2197 1296 honor;

1291 1320 1382 1367 Que
1411 1317 1595 1355 manibus
1625 1316 1826 1366 plaudant,
1859 1315 1961 1364 pede
1990 1315 2139 1362 ludant,
2172 1314 2356 1352 noctibus
2387 1313 2517 1363 ignem

1293 1385 1459 1433 Spirant,
1493 1384 1639 1432 plectra
1668 1389 1814 1432 gerant,
1846 1388 1948 1419 astra
1978 1381 2122 1419 decore
2153 1386 2356 1430 premant:

1292 1451 1387 1487 Non
1416 1450 1518 1498 rigor
1546 1461 1745 1486 armorum
1776 1454 1833 1485 set
1863 1448 1971 1484 lusus
2001 1453 2149 1496 pugnet
2180 1459 2371 1491 amorum,

1292 1517 1386 1554 Non
1415 1527 1560 1552 acuum
1589 1514 1743 1560 ferrum,
1777 1520 1834 1551 set
1864 1512 2056 1551 muliebre
2085 1512 2235 1549 forum:

1292 1582 1356 1619 Sic
1386 1580 1537 1629 species
1568 1580 1698 1617 vincat
1727 1579 1843 1626 acies,
1876 1578 1931 1616 sic
1961 1590 2069 1615 arma
2098 1578 2270 1614 virorum

1294 1648 1437 1685 Forma
1467 1646 1685 1695 puellarum
1717 1643 1790 1682 sub
1822 1644 1923 1694 pede
1953 1644 2055 1681 victa
2083 1648 2195 1681 terat.

1293 1712 1461 1752 Celestis
1492 1712 1547 1750 sic
1578 1712 1632 1749 ira
1662 1711 1726 1749 dei
1757 1716 1967 1759 consurget
1998 1710 2038 1746 in
2070 1709 2168 1755 illos,

1294 1779 1358 1817 Sic
1386 1778 1511 1815 victor
1540 1777 1676 1826 populi
1706 1777 1783 1814 leta
1812 1776 1977 1824 trophea
2008 1775 2131 1813 feres.'
2595 1778 2659 1819 890

1348 1845 1436 1882 Rex
1466 1844 1542 1881 hoc
1572 1843 1783 1881 consilium
1814 1842 1979 1880 credens
2010 1841 2120 1879 dedit
2150 1852 2245 1886 esse,
2278 1839 2427 1888 puellas

1294 1910 1480 1958 Preparat
1511 1909 1682 1958 insignes
1713 1908 1965 1957 sidereasque
1985 1918 2129 1956 genas:

1296 1975 1422 2013 Prelia
1451 1975 1548 2012 mira
1578 1981 1697 2023 parat,
1730 1986 1822 2010 arcu
1853 1985 1934 2010 non
1964 1978 2069 2009 arcet
2102 1970 2298 2017 Hebreos,

1295 2041 1391 2079 Non
1421 2039 1508 2078 ferit
1538 2040 1610 2078 hos
1640 2040 1741 2077 ferro
1772 2051 1845 2077 nec
1875 2038 2055 2076 feriendo
2086 2038 2216 2086 fugat:

1297 2108 1451 2155 Pugnat
1481 2118 1561 2143 non
1592 2105 1770 2153 equitum
1801 2104 1941 2150 loricis,
1975 2110 2033 2141 set
2063 2115 2136 2140 nec
2167 2114 2360 2152 equorum

1297 2172 1420 2219 Loris,
1453 2172 1576 2209 immo
1607 2171 1684 2208 liris
1715 2170 1976 2218 femineisque
2005 2169 2147 2206 choris.

1299 2239 1390 2276 Hec
1420 2237 1536 2283 canit,
1569 2237 1643 2274 hec
1673 2236 1782 2282 ludit,
1815 2236 1889 2273 hec
1918 2235 2080 2272 adiuuat
2110 2240 2191 2271 arte
2221 2234 2418 2279 decorem,

1296 2304 1351 2341 Vt
1380 2303 1541 2352 gemino
1570 2302 1680 2339 vultu
1712 2301 1817 2338 fallat
1848 2301 1887 2337 in
1918 2312 1985 2338 ore
2015 2300 2162 2346 decor;

1298 2370 1372 2407 Per
1401 2369 1543 2406 faciem
1574 2368 1663 2404 iacit
1695 2367 1766 2404 ista
1795 2366 1933 2413 facem,
1965 2366 2088 2403 vomit
2118 2365 2192 2403 hec
2222 2376 2291 2414 per
2321 2364 2466 2402 ocellos

1298 2434 1482 2480 Sinffillas,
1515 2433 1660 2482 profert
1691 2432 1754 2470 illa
1784 2444 1852 2480 per
1882 2444 1948 2469 ora
1976 2431 2112 2468 fanos:
2597 2444 2662 2476 900

1299 2501 1391 2538 Hee
1421 2500 1572 2548 species
1601 2499 1756 2536 animos
1786 2497 2000 2547 predantur
2028 2496 2155 2545 plebis
2188 2495 2378 2543 Hebree,

1300 2566 1483 2611 Peccant‚
1515 2571 1726 2613 peccantes
1757 2563 1943 2612 opprimit
1974 2563 2027 2599 ira
2058 2562 2133 2600 dei.

1353 2631 1442 2668 Rex
1471 2630 1542 2668 tibi
1573 2642 1684 2667 sume
1714 2636 1861 2675 notam,
1894 2640 2014 2677 quam
2044 2634 2082 2666 te
2112 2628 2229 2665 docet
2259 2626 2584 2676 experimentum,

1300 2696 1352 2732 Et
1380 2702 1492 2733 vetus
1522 2695 1747 2743 exemplum
1778 2694 1844 2731 det
1874 2693 1945 2730 tibi
1976 2693 2074 2731 scire
2103 2693 2278 2730 modum.

1301 2762 1400 2807 Rex,
1432 2767 1469 2798 et
1500 2760 1538 2797 in
1569 2760 1758 2808 exemplis
1789 2759 1888 2808 regis
1918 2770 2113 2796 concerne
2143 2758 2280 2804 Saulis,

1301 2826 1466 2863 Femina
1496 2826 1591 2863 dum
1622 2831 1810 2873 superest,
1842 2824 1973 2872 qualia
2002 2824 2099 2860 mira
2129 2830 2284 2872 potest:

1301 2891 1497 2928 Demonis
1527 2896 1608 2928 arte
1637 2896 1779 2939 potens
1811 2890 1930 2938 Maga
1960 2889 2122 2926 suscitat
2152 2888 2216 2925 illa
2246 2888 2492 2937 prophetam,

1301 2956 1422 3005 Regis
1452 2962 1490 2993 et
1520 2955 1570 2993 ad
1601 2962 1740 2992 nutum
1772 2961 1872 2991 stare
1901 2954 2029 3003 coegit
2060 2965 2162 2991 eum.

1301 3021 1480 3070 Corpora
1509 3033 1587 3070 que
1616 3027 1768 3070 poterat
1798 3019 1873 3057 sibi
1904 3018 2073 3056 subdere
2102 3025 2269 3063 mortua,
2300 3018 2411 3056 viuos

1302 3088 1397 3125 Arte
1428 3087 1549 3136 magis
1581 3086 1682 3124 facili
1713 3085 1899 3123 subderet
1930 3085 1994 3122 illa
2023 3084 2137 3122 viros.
2599 3098 2663 3131 910

1303 3153 1383 3200 Qui
1414 3152 1661 3201 premunitur
1690 3164 1770 3189 non
1801 3150 1953 3196 fallitur,
1986 3162 2077 3198 ergo
2107 3149 2332 3187 cauendum

1304 3218 1375 3255 Est
1396 3217 1478 3263 tibi,
1511 3229 1587 3264 rex,
1620 3230 1763 3266 corpus
1792 3223 1832 3254 vt
1863 3216 1947 3253 sine
1976 3214 2065 3252 labe
2095 3227 2216 3264 regas.

1303 3284 1393 3321 Rex
1422 3295 1475 3329 es,
1508 3283 1643 3332 regina
1673 3282 1766 3320 satis
1796 3288 1854 3319 est
1884 3280 1954 3318 tibi
1985 3280 2127 3318 sufficit
2157 3293 2257 3327 vna3

1305 3349 1426 3385 Hanc
1456 3348 1528 3386 tibi
1558 3348 1775 3394 consocies,
1808 3347 1863 3384 sic
1893 3346 2011 3384 docet
2040 3346 2143 3382 alma
2174 3346 2298 3384 fides:

1298 3482 1362 3521 890
1386 3481 1469 3522 leta]
1488 3481 1576 3512 victa
1593 3481 1620 3512 C
1754 3481 1819 3520 894
1845 3478 1954 3521 fugat]
1975 3478 2053 3509 furit
2071 3478 2165 3510 CEH
2302 3479 2366 3519 899
2390 3479 2477 3509 iacet
2495 3478 2553 3509 SD

2818 3908 2859 3951 i*

2764 4136 2805 4366 l
