2095 3173
348 218 396 243 10

346 478 475 528 Capm.

346 870 477 920 Capm.

347 1066 478 1116 Capm.

348 1262 478 1313 Capm.

348 1458 479 1508 Capm.

352 1588 484 1638 Capm.

352 1784 483 1834 Capm.

352 1979 483 2028 Capm.

352 2108 483 2157 Capm.

355 2238 474 2287 Capm

354 2432 471 2482 Capnn

356 2562 486 2612 Capm.

356 2756 475 2807 Capm

884 205 1013 246 VOX
1052 203 1413 246 CLAMANTIS

753 367 980 416 Incipiunt
1007 365 1217 413 Capitula
1245 365 1348 403 libri
1376 365 1546 416 Quarti.

499 479 522 519 i.
554 480 697 529 Exquo
717 479 899 517 tractauit
919 478 970 517 de
998 490 1126 516 errore
1147 477 1263 524 Cleri,
1292 477 1343 515 ad
1370 490 1489 527 quem
1517 477 1703 527 precipue
1730 483 1952 516 nostrarum

562 552 712 594 spectat
746 544 922 593 regimen
956 544 1188 589 animarum,
1223 543 1300 580 iam
1337 542 1507 581 intendit
1541 549 1705 580 tractare
1740 542 1791 580 de
1824 554 1952 580 errore

563 609 733 647 virorum
762 608 1065 658 Religiosorum.
1126 609 1178 646 Et
1198 608 1325 657 primo
1352 608 1457 646 dicet
1483 607 1535 646 de
1562 607 1774 646 Monachis
1801 614 1840 646 et
1867 607 1952 645 aliis

562 673 759 712 bonorum
773 674 1049 723 temporalium
1064 674 1357 723 possessionem
1373 672 1646 723 optinentibus
1663 687 1670 711 :
1697 673 1846 711 ordinis
1860 684 1952 710 vero

562 740 717 777 illorum
739 739 987 777 sanctitatem
1015 738 1316 786 commendans,
1339 739 1425 777 illos
1452 739 1639 788 precipue
1665 739 1733 788 qui
1760 738 1954 776 contraria

563 805 712 843 faciunt
732 817 852 855 opera
872 805 1081 854 redarguit.

500 871 536 909 ii.
570 871 651 908 Hic
667 871 840 920 loquitur
860 870 911 909 de
928 870 1141 908 Monachis
1158 870 1243 917 illis,
1262 869 1328 919 qui
1350 876 1487 907 contra
1508 869 1621 919 primi
1639 869 1788 907 ordinis
1809 874 1954 908 statuta

561 935 808 974 abstinencie
823 935 1005 973 virtutem
1026 935 1251 985 linquentes
1268 934 1477 972 delicacias
1498 933 1572 972 sibi
1588 934 1811 983 corporales
1826 933 1954 971 multi-

563 1001 715 1050 pliciter
734 1006 952 1038 assumunt.

500 1066 551 1104 iii.
583 1067 665 1104 Hic
696 1066 871 1116 loquitur
899 1066 1066 1116 qualiter
1095 1065 1239 1103 modus
1274 1071 1312 1103 et
1346 1063 1489 1113 regula,
1526 1064 1594 1113 qui
1627 1076 1650 1102 a
1679 1063 1954 1102 fundatoribus

563 1132 713 1170 ordinis
733 1132 913 1181 primitus
936 1132 1090 1170 fuerant
1106 1130 1322 1177 constituti,
1342 1130 1418 1167 iarn
1436 1130 1591 1168 nouiter
1611 1142 1634 1168 a
1652 1129 1842 1168 viciorum
1863 1142 1954 1168 con-

563 1198 776 1236 suetudine
797 1198 836 1235 in
857 1196 1158 1247 quampluribus
1180 1196 1537 1235 subuertuntur.

501 1263 566 1300 iiii.
600 1263 682 1300 Hic
694 1263 869 1312 loquitur
883 1263 932 1300 de
948 1263 1161 1300 Monachis
1179 1261 1263 1308 illis,
1282 1262 1349 1311 qui
1364 1268 1500 1299 contra
1516 1260 1714 1310 primitiua
1729 1259 1879 1298 ordinis
1895 1260 1955 1298 sui

564 1333 708 1365 statuta
729 1327 870 1365 mundi
891 1327 1057 1365 diuicias
1077 1327 1128 1365 ad
1149 1340 1240 1365 vsus
1263 1327 1400 1374 malos,
1423 1338 1496 1364 suo
1516 1325 1719 1364 nesciente
1738 1325 1952 1375 preposito,

563 1392 788 1441 apropriare
808 1392 883 1429 sibi
903 1392 1086 1430 clanculo
1106 1398 1353 1442 presumunt.

501 1471 536 1496 v.
567 1458 650 1495 Hic
684 1457 859 1507 loquitur
893 1458 1061 1507 qualiter
1092 1458 1279 1496 monachi
1314 1463 1420 1496 extra
1453 1457 1666 1494 claustrum
1700 1467 1840 1505 vagare
1873 1467 1955 1494 non

565 1523 726 1562 debent.

505 1589 554 1627 vi.
587 1589 669 1626 Hic
695 1589 869 1639 loquitur
895 1588 946 1627 de
972 1588 1178 1627 monachis
1199 1588 1285 1634 illis,
1308 1587 1375 1638 qui
1404 1600 1484 1625 non
1513 1599 1583 1636 pro
1609 1586 1748 1625 diuino
1775 1586 1954 1633 seruicio,

570 1661 630 1692 set
650 1654 774 1704 magis
794 1666 866 1704 pro
888 1654 1004 1692 huius
1032 1654 1173 1692 mundi
1200 1641 1353 1697 honore
1373 1660 1411 1691 et
1431 1653 1645 1702 voluptate,
1673 1650 1854 1690 habitum
1882 1651 1956 1689 sibi

567 1720 767 1769 religionis
788 1727 1005 1758 assumunt.

505 1783 570 1822 vii.
600 1785 682 1822 Hic
716 1784 890 1834 loquitur
924 1785 1090 1834 qualiter
1121 1783 1324 1834 paciencia
1349 1795 1426 1821 vna
1456 1795 1548 1820 cum
1582 1782 1722 1821 ceteris
1748 1780 1957 1820 virtutibus

566 1861 590 1887 a
619 1848 860 1899 quibusdam
893 1849 1082 1896 claustris,
1114 1849 1223 1887 viciis
1262 1847 1643 1897 supervenientibus,
1673 1859 1716 1885 se
1754 1847 1958 1885 transtule-

565 1920 668 1952 runt.

507 1979 583 2017 viii.
617 1980 699 2017 Hic
719 1979 894 2029 loquitur
915 1979 1025 2029 quod
1054 1979 1154 2017 sicut
1174 1978 1361 2017 monachi
1389 1978 1442 2016 ita
1469 1984 1507 2016 et
1533 1983 1705 2016 errantes
1734 1976 1916 2015 canonici
1935 1989 1958 2015 a

568 2044 648 2082 suis
671 2051 761 2081 sunt
782 2044 1008 2082 excessibus
1028 2044 1227 2093 culpandi.

506 2108 554 2146 ix.
588 2109 669 2146 Hic
703 2109 876 2158 loquitur
906 2109 1072 2159 qualiter
1103 2108 1273 2158 religiosi
1302 2108 1405 2146 male
1434 2108 1613 2146 viuentes
1648 2106 1835 2146 omnibus
1873 2107 1957 2145 aliis

568 2173 826 2211 infelicissimi
847 2174 1032 2211 existunt.

508 2250 541 2275 x.
575 2237 656 2275 Hic
686 2238 861 2287 loquitur
889 2238 1056 2287 qualiter
1083 2237 1355 2287 vnusquisque
1384 2236 1451 2286 qui
1485 2236 1683 2285 religionis
1714 2236 1866 2286 ingredi
1895 2248 1959 2274 vo-

569 2302 683 2340 luerit
712 2302 1011 2351 professionem,
1040 2309 1182 2340 cuncta
1211 2301 1352 2340 mundi
1381 2301 1480 2338 vicia
1509 2301 1666 2350 penitus
1695 2301 1891 2351 abnegare
1919 2308 1958 2339 et

570 2367 703 2405 anime
723 2368 884 2405 virtutes
905 2367 1113 2417 adquirere
1134 2375 1172 2406 et
1193 2367 1404 2405 obseruare
1423 2373 1590 2404 tenetur.

507 2432 555 2470 xi.
589 2432 670 2470 Hic
690 2432 864 2481 loquitur
884 2432 1051 2481 qualiter
1071 2432 1238 2481 religiosi
1265 2432 1470 2469 consorcia
1498 2431 1708 2469 mulierum
1737 2431 1958 2481 specialiter

570 2498 718 2535 euitare
738 2497 898 2536 debent.

510 2563 572 2600 xii.
606 2563 687 2600 Hic
709 2569 847 2601 tractat
867 2563 979 2612 quasi
1000 2562 1075 2601 sub
1094 2561 1336 2611 compendio
1363 2573 1480 2611 super
1499 2561 1574 2599 hiis
1595 2574 1672 2611 que
1693 2562 1733 2599 in
1760 2561 1957 2611 religionis

572 2627 816 2676 professione
836 2628 1057 2666 secundum
1074 2627 1328 2665 fundatorum
1343 2627 1574 2665 sanceiones
1591 2627 1811 2666 distr1ccius
1827 2626 1957 2665 obser-

571 2693 703 2730 uanda
724 2693 890 2731 finaliter
910 2693 1092 2731 existunt.

508 2756 584 2794 xiii.
619 2757 699 2794 Hic
737 2757 911 2807 loquitur
948 2757 1106 2795 vlterius
1145 2756 1196 2795 de
1233 2755 1463 2795 mulieribus
1498 2756 1583 2805 illis,
1624 2769 1702 2807 que
1740 2757 1780 2795 in
1819 2756 1957 2795 habitu

842 2861 886 2895 iii.
910 2872 924 2894 1
950 2861 1092 2903 qualiter
1109 2861 1246 2904 modus]
1262 2862 1304 2894 de
1321 2862 1420 2893 modo
1439 2862 1468 2893 D
