2095 3173
670 225 858 266 LIBER
900 226 1202 276 QUARTUS
1592 243 1667 281 177

310 332 361 370 Et
390 331 481 381 quia
511 331 565 370 sic
597 332 749 370 mundo
778 331 951 379 moritur,
983 333 1092 382 quod
1121 332 1233 371 viuus
1263 333 1313 371 ab
1343 333 1410 372 illo

309 396 470 436 Ordinis
499 411 546 435 ex
575 397 657 436 iure
686 397 829 448 gaudia
858 399 964 435 nulla
992 397 1108 448 capit,

309 463 360 500 Et
389 461 464 500 nisi
493 463 612 500 corde
642 463 761 501 deum
792 464 920 501 solum
950 462 1162 501 meditetur
1191 469 1229 501 et
1258 462 1351 502 inde

309 527 502 573 Gaudeat,
533 526 573 564 in
603 528 689 565 celo
718 540 806 577 pars
836 526 910 565 sibi
939 529 1047 565 nulla
1076 534 1220 575 manet,

307 591 454 629 Nescio
483 591 571 640 quis
600 593 740 629 stultus
769 591 965 629 claustrali
994 591 1154 630 stulcior
1181 599 1296 640 extat,

308 656 388 705 Qui
418 670 459 695 se
489 656 544 695 sic
573 657 732 706 proprio
761 657 889 707 priuat
918 664 1082 707 Vtroque
1111 658 1231 696 bono.

307 723 484 771 Tempus
513 721 630 759 inane
660 721 759 771 perit
787 721 851 760 cui
880 735 1039 772 presens
1068 722 1147 760 vita
1176 722 1334 773 negauit

308 786 475 834 Gaudia,
506 800 580 825 nec
607 788 737 825 celum
767 786 845 825 vita
874 788 1050 826 secunda
1078 795 1196 826 tenet.

245 942 323 978 Hic
364 944 548 988 loquitur
593 946 772 989 qualiter
810 946 1096 990 vnusquisque
1138 946 1206 990 qui
1245 945 1463 989 religionis
1504 945 1667 990 ingredi

196 1002 378 1037 voluerit
412 1004 730 1047 professionem,
759 1006 912 1039 cuncta
937 1005 1078 1038 mundi
1112 1005 1226 1039 vicia
1260 1005 1421 1049 penitus
1455 1004 1669 1049 abnegare

197 1061 238 1094 et
267 1061 404 1096 anime
429 1062 615 1097 virtutes
642 1063 861 1106 adquirere
886 1065 928 1098 et
955 1064 1185 1098 obseruare
1212 1064 1385 1098 tenetur.

89 1139 218 1188 Capm.
240 1155 272 1180 x.
362 1143 399 1182 O
428 1143 594 1182 comites
623 1143 781 1182 claustri
809 1144 883 1182 sub
912 1143 1099 1194 religione
1127 1143 1302 1194 professi,

303 1209 553 1248 Concludam
583 1209 781 1257 breuibus,
813 1209 909 1259 quid
939 1209 988 1247 sit
1017 1216 1055 1247 et
1083 1210 1134 1247 ad
1165 1209 1261 1258 quid
1291 1222 1402 1247 onus.
1600 1224 1666 1256 390

305 1275 545 1313 Informatus
575 1288 648 1325 ego
678 1282 903 1313 sanctorum
934 1275 1077 1325 scripta
1104 1274 1267 1322 reuolui,

305 1341 395 1388 Que
425 1340 547 1391 magis
577 1340 617 1378 in
647 1347 815 1379 vestram
846 1347 937 1378 sunt
966 1341 1225 1378 memoranda
1254 1341 1430 1378 scolam:

303 1406 447 1444 Sancta
475 1407 606 1444 valent
635 1407 754 1444 verba
782 1407 879 1456 plus,
912 1419 1003 1444 cum
1033 1406 1120 1456 plus
1150 1405 1228 1443 sint
1257 1406 1452 1456 patefacta
1468 1419 1477 1452 3

302 1472 385 1509 Vos
414 1470 539 1521 igitur,
570 1471 768 1518 monachi,
799 1470 946 1509 cernite
976 1470 1072 1521 quid
1101 1470 1150 1508 sit
1179 1470 1244 1508 ibi.

301 1535 489 1584 Vouistis‚
521 1538 666 1584 fratres,
698 1536 886 1585 vouistis3
924 1544 1016 1575 vota
1044 1543 1187 1583 tenete,

304 1603 355 1639 Et
384 1603 493 1652 quod
522 1602 737 1652 spondistis
767 1601 976 1652 perficiatis
1006 1615 1130 1652 opus:

302 1666 478 1705 Vouistis
508 1667 673 1706 domino
703 1674 852 1706 vestros
882 1674 1113 1705 conuertere
1142 1679 1282 1713 mores,

300 1733 384 1770 Vos
413 1733 511 1771 deus
542 1732 668 1783 elegit,
700 1732 808 1771 stetis
837 1745 971 1770 amore
1000 1731 1075 1770 dei.

301 1796 552 1847 Propositum
582 1797 660 1836 vite
689 1796 882 1835 monachi*
905 1810 1059 1835 seruare
1089 1795 1256 1846 rigorem

301 1862 473 1909 Debent,
505 1875 579 1900 nec
607 1862 737 1912 pigeat
766 1869 943 1912 tempore
973 1862 1070 1899 dur-a
1099 1859 1207 1910 pati:
1597 1875 1663 1905 400

304 1926 477 1977 Exiguus
506 1927 617 1965 labor
646 1934 715 1974 est,
747 1934 805 1965 set
835 1939 984 1965 merces
1014 1938 1158 1975 magna
1185 1924 1330 1963 laboris
1345 1939 1354 1973 3

302 1991 465 2030 Preterit
492 1991 557 2030 ille
586 1991 675 2038 cito,
707 1991 857 2041 premia
885 1992 963 2029 fine
993 1997 1136 2029 carent.

303 2057 413 2096 Hinc
443 2057 629 2096 monachi
658 2057 783 2095 sancti
813 2056 955 2107 mentis
985 2055 1196 2094 conamine
1225 2063 1310 2094 toto

302 2122 508 2161 Preteritas
537 2124 672 2172 culpas
701 2123 845 2169 flendo,
877 2122 1115 2172 ghemendo,
1146 2122 1290 2159 lauent.

356 2189 475 2226 Nunc
504 2187 663 2225 humilis
692 2187 809 2234 viuat‚
841 2186 909 2236 qui
937 2186 1083 2224 vixerat
1112 2193 1203 2224 ante
1233 2185 1437 2236 superbus,

301 2251 359 2290 Sit
387 2259 517 2290 castus
546 2251 724 2302 quisquis
754 2251 974 2290 luxuriosus
1004 2258 1108 2289 erat:

302 2317 504 2366 Querebat
533 2331 674 2356 census
705 2316 879 2367 quidam,
911 2316 1131 2366 temptabat
1160 2317 1330 2354 honores
1345 2329 1357 2364 3

299 2382 503 2420 Ammodo
531 2381 691 2420 vilescat
720 2380 851 2419 omnis
880 2380 1006 2418 inanis
1036 2381 1187 2418 honor:

301 2446 512 2484 Gaudebat
540 2446 720 2496 dapibus,
752 2446 951 2496 gaudebat
981 2444 1103 2484 diuite
1133 2456 1280 2491 mensa,

300 2512 420 2548 Nunc
449 2517 609 2550 tenuem
639 2511 787 2549 victum
819 2510 949 2549 sobria
977 2523 1077 2548 cena
1105 2508 1216 2547 dabit
1231 2523 1242 2556 3
1593 2524 1661 2558 410

302 2577 353 2613 Et
383 2575 532 2623 mundi,
563 2576 745 2626 quamuis
774 2577 985 2622 delectent,
1016 2587 1117 2612 vana
1146 2572 1314 2620 cauebit‚

300 2642 406 2679 Nam
436 2648 539 2679 certe
567 2649 682 2691 gustu
712 2641 843 2680 dulcia
872 2654 965 2691 sepe
994 2646 1150 2678 nocent.

301 2707 373 2744 Ille
403 2705 482 2743 suis
510 2707 610 2744 letus
639 2705 863 2744 excessibus
893 2718 978 2743 esse
1007 2704 1169 2750 solebat,

301 2772 422 2809 Nunc
451 2770 620 2809 lacrimis
650 2772 784 2821 culpas
814 2770 938 2809 diluat
967 2769 1052 2820 ipse
1081 2781 1197 2807 suas:

561 2889 624 2917 404
648 2878 841 2918 ghemendo
859 2878 921 2909 SH
967 2876 1138 2917 gemendo
1155 2875 1278 2908 CEDL

247 2933 341 2954 *fr-*³3
905 2945 934 2971 N
