2095 3173
419 264 501 314 284

888 261 1018 302 VOX
1058 258 1416 301 CLAMANTIS

530 370 649 408 Nulla
678 375 807 419 potest
837 374 944 405 certo
974 378 1137 404 munere
1166 366 1245 403 vita
1273 366 1357 403 frui.

529 436 568 474 Si
600 442 637 473 te
667 433 862 472 nobilium
891 432 1069 481 prouexit
1099 431 1257 480 sanguis
1287 443 1464 478 auorum,

530 501 640 538 Hinc
669 505 728 537 est
757 498 866 547 quod
896 497 1042 542 doleas,
1073 497 1310 546 degenerare
1339 503 1475 545 potes:

530 567 720 613 Prospera
749 563 781 601 si
811 563 965 601 dederit
994 561 1064 600 tibi
1096 574 1190 609 sors,
1221 568 1259 599 et
1289 567 1394 600 sorte
1424 561 1636 609 recedunt;

529 630 569 668 Si
599 630 701 666 mala
731 628 962 675 succedunt,
994 627 1188 665 deteriora
1216 627 1322 665 time.

529 695 568 733 Si
598 694 670 732 tibi
697 694 906 743 persuadet
935 705 1096 731 vxorem
1126 693 1230 730 fama
1259 692 1456 742 pudicam,

531 760 641 798 Hinc
670 760 796 797 eciam
826 759 973 806 doleas,
1006 759 1138 796 fallere
1167 770 1326 808 queque
1355 759 1478 797 solet:

531 826 612 863 Hic
641 825 763 874 gemit
792 824 987 862 incestum
1016 831 1198 873 corrupte
1227 824 1416 873 coniugis,
1448 824 1544 862 alter

530 891 702 929 Delusus
732 891 827 928 falsa
856 890 1082 939 suspicione
1110 890 1246 928 timet:

531 957 579 994 In
610 969 730 1006 quam
761 955 957 1005 suspirant
987 955 1202 992 multorum
1232 960 1322 992 vota
1352 953 1509 992 timebis

531 1022 710 1069 Perdere,
742 1021 803 1059 vel
833 1021 905 1059 soli
936 1032 986 1058 ne
1016 1020 1064 1058 sit
1094 1018 1279 1057 habenda
1308 1019 1379 1057 tibi
1394 1033 1404 1067 3

529 1088 594 1126 Sic
623 1088 729 1125 illam
759 1087 904 1125 metuis
934 1098 984 1124 ne
1014 1086 1100 1135 quis
1131 1091 1355 1134 corrumpat
1384 1084 1549 1130 adulter,

531 1153 583 1191 Et
612 1153 736 1203 pariat
766 1165 936 1202 quorum
965 1164 1047 1189 non
1077 1151 1151 1189 eris
1182 1151 1265 1200 ipse
1295 1157 1414 1199 pater.

531 1219 571 1257 Si
602 1225 735 1256 tamen
765 1218 920 1256 illorum
951 1216 1162 1255 succrescit
1190 1215 1306 1253 turba
1335 1215 1542 1262 bonorum,

532 1285 643 1322 Hine
673 1283 814 1323 iterum
846 1284 993 1330 doleas,
1025 1295 1131 1320 mors
1160 1281 1232 1320 tibi
1262 1281 1363 1319 tollit
1392 1293 1485 1320 eos:

531 1350 571 1388 Si
601 1350 671 1388 tibi
702 1350 847 1388 diuicie
876 1349 1077 1386 modicam
1108 1348 1346 1385 famulantur
1374 1347 1425 1384 ad
1455 1347 1602 1392 boram,

532 1416 630 1462 Has,
662 1421 703 1452 vt
731 1415 818 1464 plus
848 1414 997 1461 doleas,
1028 1413 1177 1451 auferet
1206 1425 1283 1450 vna
1312 1412 1407 1450 dies.

532 1481 733 1529 Tempora
762 1480 793 1517 si
822 1479 956 1517 viridis
985 1478 1178 1528 promittit
1207 1478 1325 1526 longa
1354 1477 1551 1524 iuuentus,

533 1545 660 1593 Fallit,
693 1552 731 1583 et
760 1551 800 1582 vt
830 1545 968 1582 doleas
998 1545 1189 1592 Attropos
1219 1549 1332 1580 occat
1362 1554 1462 1580 eam.

531 1612 570 1649 Si
601 1610 672 1648 tibi
702 1610 908 1660 perspicue
937 1609 1059 1659 pollet
1089 1608 1286 1657 sapiencia
1315 1608 1470 1654 mentis,

471 1730 473 1732 q
530 1677 585 1713 Vt
615 1676 755 1714 merito
786 1676 933 1722 doleas,
965 1675 1004 1711 in
1035 1675 1250 1712 Salomone
1278 1673 1378 1711 vide.

532 1742 571 1779 Si
602 1741 722 1779 facies
752 1741 869 1779 niuea
899 1739 1124 1779 rubicundo
1154 1751 1286 1788 spersa
1315 1739 1447 1776 colore

533 1806 759 1856 Splendeat,
791 1806 885 1843 hinc
914 1806 1062 1851 doleas,
1093 1817 1214 1842 curua
1244 1810 1404 1842 senecta
1432 1804 1549 1842 venit.

1828 378 1891 407 430

1832 1032 1895 1063 4⁴0

1832 1686 1897 1717 450

587 1872 681 1910 Non
711 1870 831 1909 habet
860 1871 925 1908 hic
954 1871 1130 1920 requiem
1161 1876 1228 1908 tua
1256 1882 1383 1917 mens,
1415 1876 1473 1907 set
1503 1876 1541 1908 et
1570 1869 1676 1907 intus
1706 1875 1743 1906 et
1774 1874 1878 1905 extra

533 1937 660 1975 Prelia
689 1949 780 1974 cum
811 1936 944 1974 multis
974 1936 1183 1985 irrequieta
1211 1935 1325 1985 geris.

535 2004 644 2040 Dum
676 2009 800 2051 potes,
831 2002 1020 2039 amissum
1051 2008 1208 2051 tempus
1238 2001 1362 2050 suple,
1395 2001 1489 2050 quia
1518 2000 1670 2039 Cristus

534 2069 627 2105 Heu
660 2066 826 2104 nimium
857 2067 969 2105 tardo
999 2073 1178 2116 tempore
1208 2066 1398 2115 dampnat
1427 2077 1539 2114 opus.

533 2133 683 2170 Vltima
712 2132 778 2181 qui
809 2132 887 2170 vite
916 2132 1050 2181 peiora
1079 2130 1273 2180 prioribus
1303 2132 1391 2181 egit,

534 2198 574 2236 Si
605 2197 754 2247 perdat,
785 2203 936 2244 caueat‚
968 2197 1034 2245 qui
1065 2197 1192 2234 malus
1219 2203 1374 2245 emptor
1402 2202 1494 2234 erat.

537 2263 676 2300 Discat
706 2262 828 2300 homo
858 2262 1029 2309 iuuenis,
1057 2262 1173 2299 celeri
1202 2262 1305 2310 pede
1334 2260 1476 2299 labitur
1505 2267 1598 2306 etaS,

534 2328 620 2366 Nec
649 2326 756 2365 bona
784 2333 864 2365 tam
895 2326 1070 2376 sequitur
1099 2338 1218 2375 quam
1249 2326 1355 2364 bona
1385 2326 1509 2375 prima
1538 2326 1633 2363 fuit:

536 2394 628 2431 Non
660 2405 738 2442 que
767 2392 940 2442 preteriit
970 2392 1111 2429 iterum
1142 2391 1389 2429 revocabitur
1417 2391 1535 2438 vnda,

536 2459 624 2496 Nec
653 2470 731 2507 que
760 2457 934 2506 preteriit
963 2457 1059 2495 hora
1087 2456 1214 2494 redire
1244 2463 1397 2505 potest:

536 2524 645 2562 Stare
675 2530 800 2573 putas,
833 2529 871 2561 et
901 2534 949 2560 eo
979 2522 1201 2571 procedunt
1230 2528 1408 2570 tempora
1438 2521 1557 2566 tarde,

537 2589 588 2627 Et
618 2589 766 2638 peragit
796 2588 912 2626 lentis
941 2587 1122 2637 passibus
1151 2599 1279 2624 annus
1309 2587 1391 2625 iter.

536 2654 782 2702 Ancipitrem
812 2659 995 2691 metuens
1024 2652 1165 2702 pennis
1194 2650 1483 2700 trepidantibus
1513 2651 1592 2689 ales

536 2719 670 2756 Audet
698 2719 750 2756 ad
780 2719 976 2757 humanos
1007 2719 1109 2756 fessa
1136 2717 1270 2756 venire
1299 2717 1434 2764 sinus3

537 2783 574 2821 O
604 2790 715 2821 vetus
746 2782 785 2821 in
815 2784 935 2831 viciis,
968 2784 1160 2822 Sathanas
1190 2794 1310 2832 quern
1340 2788 1490 2831 spectat
1520 2781 1559 2818 in
1589 2781 1700 2830 ymis,

538 2848 648 2896 Quid
678 2849 789 2898 fugis,
821 2855 860 2887 et
888 2862 959 2898 pro
989 2861 1070 2898 quo
1099 2861 1180 2886 non
1210 2847 1320 2885 venis
1349 2847 1433 2896 ipse
1463 2847 1568 2884 deo?

538 2912 643 2951 Ecce
673 2914 805 2951 senilis
833 2926 970 2963 yemps
999 2914 1167 2953 tremulo
1195 2913 1302 2951 venit
1331 2912 1490 2950 horrida
1517 2923 1645 2961 passu,

1833 2330 1899 2360 ,260
