2095 3173
939 234 1069 275 VOX
1110 231 1469 275 CLAMANTIS

467 250 547 289 294

513 356 590 390 Hic
631 355 812 399 loquitur
860 353 909 387 de
955 351 1143 396 corporis
1189 349 1344 384 mortui
1390 348 1661 394 corrupcione
1710 349 1933 384 secundum

465 414 717 448 Auariciam.

328 494 458 543 Capm.
483 495 544 532 xii.
631 493 666 532 O
697 491 795 541 quid
823 490 992 529 auaricia
1020 502 1146 539 nuper
1175 489 1298 527 modo
1327 495 1473 538 prestat
1500 489 1649 526 auaro?

575 559 666 597 Sola
695 557 770 595 sibi
800 557 933 594 stricta
961 556 1091 605 lignea
1121 555 1217 593 cista
1245 561 1392 593 manet.

574 625 695 662 Terra
725 621 799 661 sibi
827 622 953 660 fuerat
982 620 1106 659 nimio
1136 621 1290 670 quesita
1319 620 1467 668 labore,

576 690 735 738 Septem
765 699 954 737 nuncque
982 687 1116 736 pedes,
1148 699 1229 724 non
1260 687 1394 736 magis,
1427 685 1521 724 inde
1549 691 1669 724 tenet.

574 754 654 803 Qui
684 753 839 792 dudum
868 753 992 791 fuerat
1022 758 1153 801 raptor
1181 751 1352 801 predans
1381 752 1521 798 aliena,

574 821 712 869 Ipsum
743 831 850 856 nunc
878 818 1042 868 predam
1071 829 1176 855 mors
1207 817 1318 866 quasi
1347 816 1472 866 predo
1502 816 1625 865 rapit:

574 886 654 934 Qui
684 897 810 934 nuper
837 883 954 922 fatuis
983 883 1111 921 tendit
1141 895 1211 920 sua
1239 882 1343 920 recia
1371 880 1500 928 lucris,

574 951 692 989 Nunc
722 950 874 999 capitur
902 949 1012 987 rethe
1042 960 1123 998 quo
1147 959 1352 986 remouere
1379 947 1531 1004 nequit.

574 1016 751 1054 Diuicias
781 1015 924 1052 multas
954 1014 1079 1052 vniuit
1109 1021 1147 1052 et
1176 1013 1303 1051 arcius
1332 1013 1417 1050 illas

573 1081 775 1127 Seruabat,
807 1088 865 1118 set
895 1093 1001 1118 nunc
1031 1080 1195 1129 dissipat
1224 1079 1320 1117 alter
1348 1091 1469 1128 opes:

574 1147 664 1195 Que
694 1146 806 1196 quasi
835 1145 915 1184 fine
943 1157 1080 1183 carens
1112 1145 1236 1183 fuerat
1266 1144 1463 1193 possessio
1492 1143 1606 1193 larga,

571 1211 744 1248 Transiit
774 1217 812 1249 et
842 1209 974 1248 subito
1005 1210 1111 1247 nulla
1139 1209 1327 1247 remansit
1357 1209 1404 1247 ei.

572 1276 731 1315 Gaudet
760 1275 867 1314 enirn
897 1274 1042 1313 coniux
1071 1275 1206 1324 sponsi
1236 1274 1413 1312 nouitate
1442 1273 1617 1320 secundi,

574 1343 659 1380 Nec
690 1341 764 1379 sibi
793 1353 861 1379 cor
890 1341 1112 1379 meminens
1141 1340 1345 1378 anterioris
1375 1339 1520 1388 habet,-

575 1408 794 1444 Immemor
823 1413 862 1445 et
891 1407 1009 1456 patris
1039 1406 1181 1444 letatur
1210 1406 1312 1443 filius
1343 1405 1467 1452 heres,

575 1473 661 1510 Nec
692 1470 766 1509 sibi
796 1472 863 1521 qui
893 1472 1057 1509 moritur
1086 1484 1185 1508 vnus
1215 1471 1365 1508 amicus
1395 1469 1519 1508 adest.

575 1538 638 1575 Sic
667 1538 735 1587 qui
766 1549 825 1574 res
855 1536 972 1574 rebus
1001 1549 1114 1585 agros
1144 1543 1182 1574 et
1211 1536 1310 1585 agris
1341 1534 1516 1582 sociauit,

573 1603 777 1641 Ammodo
807 1603 857 1641 de
887 1602 1034 1652 questis
1063 1602 1135 1639 fert
1164 1601 1286 1638 nichil
1315 1602 1399 1650 ipse
1428 1601 1532 1638 suis:

575 1668 751 1706 Abstulit
781 1681 857 1706 vna
887 1668 971 1706 dies
1001 1667 1193 1717 quicquid
1223 1667 1298 1704 sibi
1327 1667 1496 1704 contulit
1525 1678 1663 1711 annus,

577 1735 628 1771 Et
658 1733 768 1771 labor
797 1745 819 1771 a
848 1734 967 1782 longo
996 1740 1175 1781 tempore
1203 1744 1337 1769 cassus
1367 1731 1472 1770 abit:

576 1799 819 1848 Pauperibus
849 1798 1009 1836 bursam
1039 1798 1108 1847 qui
1136 1797 1337 1844 clauserat,
1369 1797 1519 1846 indiget
1549 1796 1624 1843 ille,

576 1865 661 1902 Nec
691 1865 792 1902 valet
821 1863 971 1913 argenti
999 1862 1117 1913 copia
1146 1869 1228 1901 tota
1258 1862 1344 1901 sibi.

576 1930 643 1966 Nil
674 1930 788 1967 dolus
818 1937 885 1967 aut
915 1930 1072 1976 furtum,
1105 1929 1160 1966 nil
1188 1928 1480 1966 circumvencio
1510 1939 1663 1976 corpus,

577 1996 663 2032 Iam
694 2007 825 2044 neque
854 1995 1006 2044 periura
1035 1994 1131 2032 falsa
1159 1994 1307 2043 cupido
1336 1993 1459 2030 iuuat.

1873 952 1937 983 800

1873 1605 1938 1636 810

515 2142 592 2176 Hic
637 2142 820 2185 loquitur
866 2141 917 2175 de
961 2141 1148 2184 corporis
1193 2140 1348 2175 mortui
1394 2140 1667 2183 corrupcione
1713 2138 1936 2174 secundum

467 2201 694 2236 Accidiam.

324 2288 453 2336 Capm.
476 2282 552 2322 xiii.

641 2281 822 2330 Amplius
851 2280 1002 2317 accidia
1031 2278 1105 2317 sibi
1135 2280 1202 2328 qui
1231 2280 1302 2317 fuit
1331 2278 1551 2317 accidiosus

579 2347 765 2396 Corporis
794 2346 846 2384 ad
875 2345 1063 2394 placitum
1093 2344 1271 2382 membra
1300 2345 1433 2381 fouere
1464 2350 1590 2393 negat.

579 2412 747 2451 Deditus
777 2412 841 2448 hic
871 2422 1039 2459 sompno
1069 2422 1194 2458 nuper
1222 2422 1329 2446 nunc
1359 2410 1533 2458 sompnit
1563 2409 1761 2456 habunde,

577 2480 639 2515 De
668 2478 787 2526 longo
817 2488 986 2525 sompno
1016 2487 1095 2524 quo
1125 2475 1281 2524 vigilare
1310 2475 1471 2523 nequit:

576 2543 716 2581 Mollia
746 2542 813 2591 qui
844 2542 996 2579 dudum
1027 2540 1196 2590 quesiuit
1226 2540 1412 2577 stramina
1441 2540 1556 2586 lecto,

575 2607 783 2657 Anguibus
813 2618 970 2656 aspersa
999 2605 1137 2654 frigida
1166 2611 1266 2643 terra
1295 2604 1453 2643 subest:

577 2672 675 2711 Ocia
705 2673 772 2721 qui
801 2672 920 2721 peciit
950 2683 1074 2720 nuper
1102 2669 1290 2720 fugiendo
1316 2669 1480 2716 labores,

578 2738 695 2775 Nunc
725 2738 846 2775 nichil
875 2744 933 2775 est
962 2737 1071 2786 quod
1099 2743 1196 2785 agat,
1227 2735 1332 2773 vnde
1361 2742 1531 2773 meretur
1559 2747 1686 2784 opem.

818 2836 882 2864 816
905 2835 997 2865 iuuat
1015 2835 1038 2866 S
1085 2835 1201 2865 iuuant
1218 2832 1424 2864 EGDLTH2

810 2887 893 2927 Cap.
912 2887 980 2918 xiii.
1008 2885 1166 2926 Hcading
1181 2895 1195 2916 1
1215 2885 1338 2916 mortui
1355 2885 1509 2924 corporis
1525 2884 1590 2916 CH

1873 2480 1937 2510 820
