2095 3173
409 210 462 247 26
883 208 1012 251 VOX
1053 210 1415 251 CLAMANTIS

520 315 663 353 Tristia
691 322 781 365 post
810 316 899 362 leta,
930 322 1018 365 post
1049 316 1231 354 Phebum
1263 316 1419 364 nebula,
1452 316 1580 355 morbi

520 381 720 430 Tempora
750 388 839 430 post
869 394 963 419 sana
993 393 1087 430 sepe
1116 382 1249 419 venire
1279 383 1431 421 solent:

521 446 614 484 Non
646 447 698 484 ita
726 447 829 484 clara
858 447 943 484 dies
973 446 1098 484 fuerat
1127 454 1323 485 transacta
1352 460 1421 497 per
1449 454 1553 494 ante,

521 511 629 559 Quin
660 511 783 560 magis
813 510 981 549 obscura
1010 512 1139 550 noctis
1168 524 1310 562 ymago
1339 513 1459 550 venit.

521 576 627 615 Ecce
656 582 794 625 tegunt
824 576 932 626 nigre
961 577 1160 615 latitancia
1189 578 1317 616 sidera
1347 577 1485 626 nubes,

520 643 651 679 Aurea
680 641 773 678 luna
803 641 910 691 fugit,
940 654 1019 680 nox
1048 650 1153 681 caret
1182 643 1272 692 igne
1302 655 1385 681 suo.

522 707 700 745 Flexerat
729 706 894 757 obliquo
923 708 1139 757 plaustrum
1170 716 1331 747 temone
1361 710 1517 756 BoeteS,

523 773 610 810 Nec
639 771 701 810 via
730 772 878 811 directa
907 780 1003 811 tunc
1032 774 1105 812 fuit
1132 780 1220 811 acta
1248 774 1329 823 poli
1344 787 1354 821 ;
1827 788 1887 818 140

522 837 773 875 Insortunata
802 845 860 876 set
889 839 1146 877 constellacio
1176 846 1355 877 centrum

525 903 759 942 Dissoluens
790 903 927 942 rabide
956 910 1099 942 tartara
1127 905 1233 942 misit
1263 905 1399 942 humo.

578 969 709 1006 Prima
738 969 850 1018 quies
879 968 1025 1016 aberat,
1057 981 1132 1007 nec
1160 969 1294 1008 adhuc
1323 981 1412 1006 mea
1440 969 1592 1007 lumina
1619 970 1768 1007 mulcet

524 1034 735 1083 Sompnus,
767 1046 890 1084 quem
919 1035 1059 1074 timide
1087 1035 1233 1073 mentis
1262 1035 1371 1085 origo
1400 1034 1532 1084 fugat:

525 1099 589 1137 En
618 1112 734 1137 coma
763 1107 905 1149 sponte
934 1100 1042 1149 riget,
1074 1101 1205 1138 tremit
1234 1107 1273 1138 et
1301 1112 1404 1147 caro,
1436 1099 1567 1138 cordis
1596 1106 1635 1138 et
1663 1105 1819 1137 antrum

526 1165 710 1212 Soluitur‚
742 1172 781 1203 et
810 1177 948 1203 sensus
979 1166 1098 1204 fertur
1126 1166 1178 1203 ad
1208 1166 1328 1204 instar
1356 1177 1484 1215 aque3

527 1229 591 1268 Sic
621 1231 744 1280 magis
772 1232 931 1269 assidua
961 1232 1125 1270 iactatus
1156 1239 1290 1270 mente
1319 1231 1483 1277 reuolui,

529 1296 637 1344 Quid
667 1297 788 1334 michi
818 1304 898 1334 tam
928 1297 1048 1334 subiti
1077 1309 1196 1335 causa
1224 1297 1376 1335 timoris
1404 1303 1512 1335 erat:

527 1361 592 1399 Sic
621 1362 725 1400 lecto
754 1362 918 1411 vigilans
948 1361 1169 1400 meditabar
1196 1362 1319 1411 plura,
1351 1374 1429 1412 que
1458 1368 1634 1399 mentem

529 1427 674 1473 Effudi,
706 1427 820 1464 variis
849 1427 970 1466 corde
999 1434 1166 1477 vagante
1195 1427 1338 1466 modis.
1831 1441 1893 1471 150

526 1494 705 1542 Tempus
734 1499 816 1531 erat
845 1505 926 1542 quo
954 1499 1099 1531 cuncta
1129 1493 1256 1539 silent,
1288 1505 1370 1542 quo
1399 1498 1533 1530 mente
1562 1491 1690 1540 sopita

529 1559 578 1596 In
608 1570 705 1607 vaga
733 1558 926 1596 nonnulla
956 1559 1138 1607 sompnia
1166 1558 1286 1596 corda
1315 1564 1461 1605 ruunt3

529 1624 597 1662 Set
627 1635 758 1672 neque
788 1635 979 1672 sompnus
1007 1624 1140 1662 adhuc
1169 1635 1300 1673 neque
1329 1622 1513 1672 sompnia
1541 1634 1606 1660 me
1635 1622 1879 1672 laquearunt‚

530 1690 640 1727 Dum
668 1701 793 1738 pauor
821 1701 869 1727 ex
898 1688 1030 1727 subito
1060 1689 1232 1738 spondet
1261 1689 1402 1727 adesse
1431 1688 1591 1725 malum.

531 1754 672 1793 Noctis
702 1761 784 1792 erat
814 1754 1002 1802 medium,
1034 1754 1163 1804 grauis
1193 1761 1232 1792 et
1261 1753 1451 1803 palpebra
1479 1753 1659 1802 querelas

532 1820 733 1858 Ponderat
762 1832 809 1858 ex
838 1820 974 1867 oculis,
1006 1827 1064 1858 set
1093 1832 1205 1858 mora
1234 1820 1362 1858 tardat
1392 1831 1522 1868 opem.

533 1886 597 1924 Sic
626 1885 718 1935 vigil
746 1885 786 1922 in
816 1885 919 1922 curis
947 1885 1178 1935 consumpsi
1208 1892 1386 1934 tempora
1415 1884 1556 1930 noctis,

535 1951 703 1990 Nescius
734 1963 781 1989 ex
810 1950 915 2000 quali
945 1957 1050 1989 sorte
1079 1951 1318 2000 propinquat
1347 1962 1471 2000 opus:

533 2018 733 2066 Tempora
762 2015 945 2065 preterita
974 2016 1066 2062 vidi,
1099 2016 1302 2065 metuique
1332 2016 1485 2063 sutura3

533 2082 718 2119 Tandem
748 2081 804 2119 sic
833 2081 971 2118 oculos
999 2081 1192 2118 clauserat
1222 2081 1359 2118 vmbra
1388 2092 1510 2118 meos.
1836 2083 1897 2114 160

535 2147 609 2194 Sic,
641 2145 705 2184 vbi
736 2146 903 2195 decepte
932 2158 1020 2194 pars
1050 2152 1110 2183 est
1139 2146 1258 2182 michi
1289 2145 1459 2183 maxima
1488 2145 1615 2182 noctis

534 2213 646 2259 Acta,
678 2211 784 2249 subit
813 2211 946 2249 subito
976 2210 1127 2248 lumina
1155 2210 1257 2248 fessa
1286 2222 1449 2259 sopor:

536 2277 730 2326 Exiguam
760 2276 863 2314 subii
893 2276 1081 2326 requiem,
1113 2275 1210 2313 dum
1241 2275 1397 2313 Lucifer
1426 2275 1558 2324 ignem

537 2344 733 2380 Prouocat
763 2343 927 2389 Aurore,
958 2341 1141 2390 sompnia
1169 2347 1345 2390 tuncque
1374 2340 1467 2377 fero.

475 2492 552 2527 Hic
570 2492 716 2536 incipit
739 2491 986 2536 sompnium,
1004 2490 1077 2525 vbi
1100 2490 1279 2534 quodam
1307 2490 1373 2524 die
1395 2489 1545 2524 Martis
1562 2488 1663 2524 dicit
1682 2499 1729 2524 se
1751 2489 1898 2523 varias

428 2551 547 2595 vulgi
558 2553 721 2586 turmas
734 2550 907 2590 vidisse,
919 2559 1093 2594 quarum
1110 2548 1287 2593 primam
1298 2548 1341 2582 in
1355 2548 1669 2583 similitudinem
1683 2547 1897 2582 asinorum

427 2609 583 2644 mutari
600 2609 740 2643 subito
758 2609 1065 2653 speculabatur.

315 2710 444 2758 Capru.
469 2706 505 2744 ii.
594 2707 782 2756 Dumque
811 2706 920 2756 piger
949 2717 1141 2755 sompnus
1170 2704 1343 2742 inmotos
1374 2704 1507 2742 fixerat
1535 2710 1652 2751 artus,

529 2771 616 2809 Iam
646 2770 771 2809 fuerat
800 2777 933 2821 raptus
963 2770 1119 2820 spiritus
1150 2769 1233 2819 ipse
1261 2781 1398 2808 meus:

473 2884 533 2914 145
559 2874 593 2905 in
610 2879 744 2905 antrum
764 2874 793 2904 D
885 2874 945 2914 163
969 2883 1034 2904 om.
1053 2872 1079 2904 L
1172 2873 1346 2912 165-2150
1361 2881 1427 2905 om.
1450 2870 1476 2902 L
1578 2872 1638 2912 165
1665 2871 1819 2910 Cumque
1838 2870 1898 2901 DT
