2095 3173
95 2824 221 2874 capm.
244 2821 308 2860 iiii.

691 240 880 281 LIBER
920 237 1221 289 QUARTUS
1617 248 1689 286 171

333 348 478 398 Sicque
507 349 651 398 loquax
680 346 824 397 digitus
853 344 1086 384 redimendo
1116 342 1277 382 silencia
1305 341 1414 381 verbi

335 413 480 461 Dictat,
512 420 550 451 et
579 412 620 450 in
649 411 738 450 rixis
767 413 854 462 plus
885 409 1087 449 meretrice
1117 408 1231 446 furit:

334 479 414 518 Ora
443 486 597 517 tument
625 477 690 525 ira,
722 476 947 527 nigrescunt
976 474 1165 525 sanguine
1194 486 1304 520 vene,

335 543 507 582 Lumina
534 550 736 582 commota
764 541 890 580 lenius
919 540 1009 590 igne
1038 539 1196 578 micant.

333 610 435 659 Sepe
464 622 579 647 suum
608 609 764 646 feruens
793 605 916 645 oculis
945 604 1055 644 dabit
1084 604 1139 642 ira
1167 605 1352 650 colorem,

336 675 385 712 In
415 673 559 724 quibus
589 671 746 711 alterius
776 670 911 709 mortis
941 683 1082 720 ymago
1111 676 1241 719 patet:

335 740 431 777 Non
460 738 591 776 minus
620 737 660 776 in
689 739 799 775 vultu
829 737 1050 786 dampnosa
1079 734 1261 786 superbia
1290 733 1357 773 tali
1386 740 1454 780 est,

337 805 470 853 Quam
501 803 532 842 si
562 804 612 842 de
640 802 774 853 iugulo
804 808 992 840 sterneret
1021 813 1114 838 ense
1143 813 1226 838 suo.
1630 804 1692 834 180

334 868 399 907 Sic
429 868 610 919 quamuis
640 869 738 907 ordo
767 866 951 918 prohibet
979 866 1123 904 bellare
1152 865 1366 915 loquendo,

336 935 502 984 Pugnat,
533 941 572 972 et
600 933 640 971 in
670 940 803 972 mente
832 930 992 971 discutit
1021 944 1114 969 ense
1144 937 1288 980 caput:

339 1000 447 1037 Dum
477 998 615 1049 nequit
643 998 727 1049 ipse
756 997 875 1048 loqui,
907 997 981 1035 sub
1010 995 1138 1034 cordis
1168 994 1349 1045 ymagine
1378 1006 1540 1032 raucum

338 1064 480 1102 Fratris
509 1064 550 1102 in
579 1063 767 1102 invidiam
797 1063 977 1101 clanculo
998 1074 1174 1099 murmur
1202 1060 1304 1110 agit:

338 1130 443 1167 Iram
472 1131 602 1167 vultus
631 1129 762 1175 habet,
793 1141 864 1178 pro
894 1126 1022 1165 verbis
1052 1138 1252 1163 murmura
1280 1123 1419 1170 reddit,

338 1196 388 1232 Et
417 1202 533 1233 necat
560 1193 601 1232 in
630 1201 774 1240 mente,
806 1205 925 1243 quem
955 1204 1095 1229 manus
1124 1190 1209 1241 ipsa
1237 1188 1384 1239 nequit.

336 1261 452 1298 Tunc
481 1261 605 1310 pallor
632 1260 773 1305 vultus,
805 1256 969 1307 suspiria
997 1254 1177 1306 pectoris,
1208 1256 1344 1293 horror

335 1326 532 1375 Aspectus
561 1331 668 1362 mote
696 1322 843 1361 nuncia
870 1321 1012 1360 mentis
1042 1327 1155 1359 erunt
1171 1334 1181 1369 3

337 1389 540 1439 Quicquid
568 1391 691 1427 homo
719 1387 864 1439 patitur
891 1400 983 1425 nam
1013 1399 1150 1425 sensus
1179 1384 1387 1424 exteriores

338 1454 505 1493 Interior
533 1462 663 1493 motus
692 1455 743 1492 ad
773 1467 843 1492 sua
871 1452 981 1503 signa
1009 1458 1155 1490 mouet.
1636 1464 1696 1496 ยน90

391 1521 546 1569 Allegat
574 1521 704 1557 vultus
733 1519 918 1557 affectum
948 1516 1102 1564 mentis,
1134 1523 1172 1555 et
1200 1515 1298 1554 iram

338 1585 513 1624 Pectoris
542 1584 699 1624 accensi
728 1585 778 1623 de
807 1583 996 1634 grauitate
1025 1589 1163 1621 notat:

337 1651 481 1688 Nullus
510 1649 614 1689 enim
646 1649 800 1697 mentis,
832 1656 872 1687 vt
900 1662 942 1687 se
971 1647 1055 1686 sine
1084 1660 1182 1685 voce
1210 1648 1404 1696 loquatur,

337 1716 465 1754 Index
494 1728 614 1765 quam
643 1716 772 1753 vultus
802 1713 950 1753 cercior
979 1726 1064 1752 esse
1093 1719 1233 1763 potest.

340 1780 544 1830 Quicquid
574 1779 694 1818 habet
722 1778 840 1818 vestis
869 1778 1033 1829 nigredo
1063 1775 1333 1827 simplicitatis,

339 1845 449 1894 Quid
477 1847 571 1883 latet
599 1844 760 1883 interius
790 1843 1058 1894 experimenta
1086 1843 1243 1881 docent.

338 1909 587 1960 Prepositum
616 1910 814 1948 monacho
843 1909 1062 1946 monachus
1091 1905 1295 1957 postponit
1322 1918 1467 1951 amore,

340 1974 500 2013 Inuidet
529 1975 602 2012 hos
631 1987 781 2021 omnes,
813 1986 912 2024 quos
942 1971 1079 2022 nequit
1107 1971 1191 2022 ipse
1220 1970 1343 2021 sequi.

340 2040 539 2079 Conuolat
567 2040 619 2078 ad
647 2040 805 2089 pulsum
835 2051 1028 2088 campane
1057 2035 1234 2087 quisquis
1264 2035 1304 2073 in
1334 2048 1466 2081 vnum,

339 2103 500 2143 Ordinis
529 2112 568 2143 et
595 2105 721 2142 forma
749 2111 878 2142 cetera
905 2116 1006 2141 vana
1033 2103 1188 2140 ferunt:
1634 2114 1695 2136 200

340 2171 429 2208 Vox
457 2169 563 2208 canit
591 2169 676 2220 ipsa
704 2170 826 2207 choro
854 2167 958 2215 foris,
990 2174 1028 2206 et
1057 2180 1169 2205 mens
1199 2172 1415 2204 murmurat
1443 2164 1560 2211 intus,

341 2235 397 2274 Os
426 2234 524 2285 petit
551 2234 592 2272 in
621 2235 717 2281 celo,
750 2246 862 2272 mens
890 2240 949 2271 set
976 2232 1017 2270 in
1047 2231 1157 2280 orbe,
1184 2233 1328 2270 locum.

341 2299 404 2338 Sic
433 2313 515 2337 non
544 2298 747 2338 materiam
776 2305 934 2337 seruant
963 2305 1021 2336 set
1049 2297 1090 2335 in
1119 2296 1257 2335 ordine
1286 2297 1481 2342 formam3

340 2364 547 2403 Fructibus
576 2363 715 2403 ablatis
745 2377 887 2414 corpus
916 2362 1033 2401 inane
1062 2363 1225 2400 fouent:

341 2429 405 2468 Sic
434 2437 540 2480 patet
569 2429 735 2468 exterius
764 2429 875 2467 labor
903 2435 942 2467 et
971 2426 1182 2478 sapiencia,
1211 2434 1270 2465 set
1298 2424 1395 2475 quid

340 2494 508 2533 Stulcior
536 2493 697 2533 interius
726 2500 896 2544 occupat
924 2500 1034 2532 actus
1063 2504 1143 2530 eos,

280 2630 358 2664 Hic
369 2629 550 2672 loquitur
563 2629 612 2663 de
629 2628 847 2663 monachis
865 2628 949 2661 illis
968 2626 1037 2671 qui
1055 2627 1205 2660 contra
1222 2624 1435 2669 primitiua
1453 2623 1518 2658 sui
1537 2623 1698 2658 ordinis

233 2690 398 2723 statuta
419 2687 560 2721 mundi
583 2687 758 2721 diuicias
780 2687 832 2721 ad
855 2696 960 2720 Vsus
981 2685 1130 2725 malos,
1148 2693 1224 2718 suo
1242 2682 1457 2718 nesciente
1474 2682 1697 2727 preposito,

234 2746 474 2791 apropriare
492 2746 572 2779 sibi
589 2745 778 2780 clanculo
795 2745 1048 2789 presumunt.

399 2821 520 2859 Nulla
547 2832 691 2858 vouere
719 2818 828 2857 iuuat
856 2817 976 2858 cicius
1005 2829 1125 2867 quam
1153 2816 1329 2865 frangere
1356 2822 1507 2863 votum,

627 2905 687 2935 177
711 2894 862 2927 oculisT
906 2892 1025 2925 oculus
1042 2890 1314 2923 SCEHGDLH2
