2095 3173
699 224 887 264 LIBER
927 222 1201 264 TERCIUS
1606 234 1681 272 159

326 331 524 381 Improba,
556 337 731 381 pastores
760 343 842 368 non
870 329 986 368 decet
1014 341 1099 366 esse
1127 326 1263 378 gregis.

324 397 378 434 Vt
407 409 567 446 regnare
595 397 672 434 deo
700 394 863 445 possint,
895 393 970 432 sibi
999 406 1084 431 rasa
1112 405 1258 431 corona

325 462 475 508 Restat,
507 469 545 499 et
574 468 613 499 vt
642 462 745 498 facta
772 459 967 498 nobiliora
995 465 1140 508 gerant.
1600 471 1681 504 1910

325 526 496 565 Radices
525 540 607 564 non
636 525 800 575 extirpat
828 538 959 562 rasura
987 523 1167 574 pilorum,

325 592 392 630 Set
420 591 494 630 rasi
525 598 705 629 crescunt
734 589 1035 639 multiplicando
1066 588 1212 638 magis:

324 656 388 695 Sic
417 656 507 695 licet
536 657 705 706 expellas
734 668 874 693 omnes
903 655 953 692 de
982 661 1141 704 pectore
1170 660 1312 700 motuS,

324 723 419 759 Non
448 728 581 759 tamen
610 722 684 759 hec
713 720 869 770 penitus
899 726 1042 758 cuncta
1069 720 1201 769 fugare
1230 726 1367 769 potes:

326 787 420 824 Non
449 785 502 823 ita
531 799 640 824 rasus
669 785 754 832 eris,
787 784 884 834 quin
914 797 1069 834 semper
1098 784 1218 822 habet
1247 796 1338 821 caro
1367 795 1566 833 pugnam3

325 852 438 889 Intus
467 851 590 889 habes
620 864 712 889 curn
742 863 821 900 quo
851 849 971 900 prelia
1000 862 1155 899 semper
1183 862 1284 898 agas.

379 916 419 955 Si
448 917 610 966 quando
640 917 835 954 mundum
865 914 999 965 fugias,
1030 928 1054 952 a
1082 915 1244 964 puluere
1273 912 1414 951 mundi

325 983 502 1020 Perfecte
532 995 651 1032 purus
680 994 763 1019 non
792 988 905 1031 potes
934 993 1020 1018 esse
1049 987 1206 1018 tamen:

325 1047 442 1094 Nam,
474 1048 565 1085 licet
594 1046 742 1085 eniteas
771 1045 935 1084 summis
964 1044 1183 1091 virtutibus,
1214 1056 1353 1082 omnes

327 1113 387 1150 Ex
415 1111 550 1150 animo
579 1113 714 1162 culpas
744 1125 825 1150 non
855 1123 1029 1149 resecare
1058 1110 1175 1147 vales.
1598 1122 1684 1156 1920

326 1176 389 1215 Fit
418 1184 551 1216 tamen
580 1191 627 1216 ex
656 1176 828 1214 minimis
858 1177 931 1214 hec
961 1188 1080 1225 quam
1110 1173 1252 1212 retines
1282 1172 1354 1211 tibi
1382 1174 1508 1223 culpa,

327 1243 390 1280 Ne
419 1250 486 1280 tua
514 1256 626 1280 mens
656 1249 816 1288 tumeat,
848 1242 945 1279 dum
975 1240 1081 1278 bona
1110 1240 1234 1276 multa
1261 1237 1385 1288 geris:

327 1309 387 1345 Ex
415 1307 482 1345 tali
511 1309 627 1357 culpa
655 1306 727 1345 tibi
756 1305 920 1344 soluitur
948 1317 1039 1355 ergo
1068 1303 1270 1350 tributum,

326 1374 381 1410 Vt
410 1379 477 1410 tua
506 1386 618 1410 mens
646 1379 789 1422 paueat
818 1371 907 1409 labe
935 1383 1109 1408 remorsa
1137 1368 1258 1407 breui.

327 1439 428 1488 Sepe
457 1437 563 1476 cadit
591 1437 727 1484 iustus,
758 1436 901 1487 fragilis
930 1435 1022 1486 quia
1050 1434 1107 1473 vir
1136 1440 1270 1472 manet
1295 1432 1435 1480 omnis,

327 1505 391 1542 Ne
420 1503 537 1541 nimis
567 1505 709 1542 exaltet
737 1502 860 1552 gloria
888 1515 989 1540 vana
1016 1500 1167 1539 virum:

327 1568 408 1618 Qui
436 1568 574 1607 leuiter
602 1567 757 1615 cecidit,
788 1575 828 1606 vt
858 1574 988 1617 surgat
1017 1565 1172 1613 sorcius,
1204 1564 1268 1603 ille

327 1634 475 1673 Casum
505 1633 659 1672 felicem
690 1632 852 1683 suscipit
880 1640 972 1671 ante
1001 1633 1132 1670 deum.

327 1700 413 1737 Lux
442 1698 534 1737 estis
562 1698 713 1745 mundi,
745 1705 803 1736 set
831 1711 913 1736 non
942 1696 1098 1747 penitus
1127 1695 1211 1734 sine
1240 1697 1360 1742 fumo,

328 1765 434 1802 Nam
465 1763 548 1802 sine
577 1771 742 1814 peccato
772 1763 903 1801 viuere
932 1764 1063 1800 nullus
1092 1762 1242 1800 habet:
1601 1774 1686 1808 1930

328 1831 430 1879 Sepe
459 1828 555 1867 boni
584 1830 732 1867 fructus
762 1835 852 1878 post
881 1834 1168 1877 temptamenta
1196 1832 1395 1875 sequntur,

329 1895 640 1943 Mercedemque
670 1907 781 1932 suam
810 1892 932 1943 prelia
960 1892 1086 1930 carnis
1115 1892 1274 1929 habent.

382 1958 488 1997 Vtile
517 1972 661 2008 nempe
690 1960 789 1996 foret
818 1971 930 1996 seuas
960 1957 1185 2007 extinguere
1214 1957 1404 2003 flammas,

329 2025 381 2062 Et
409 2037 549 2061 sanum
578 2023 668 2061 vicii
697 2030 833 2073 pectus
862 2023 1008 2061 habere
1037 2029 1176 2060 tuum:

330 2090 394 2127 Ne
422 2088 582 2127 videant
611 2088 716 2126 oculi
744 2102 813 2138 per
842 2089 950 2138 quod
980 2094 1231 2137 temptentur,
1263 2093 1302 2124 et
1330 2098 1442 2123 aures

330 2154 493 2201 Obtura,
525 2153 614 2192 vicii
642 2168 693 2192 ne
723 2166 842 2191 sonus
871 2152 988 2191 intret
1016 2151 1081 2190 ibi.

328 2219 477 2257 Tucius
506 2227 564 2257 est
593 2226 809 2269 aptumque
838 2218 961 2268 magis
991 2217 1194 2256 discedere
1223 2229 1332 2266 pace,

329 2286 482 2323 Ponere
512 2298 632 2334 quam
661 2285 820 2331 bellum,
853 2283 1009 2322 vincere
1038 2284 1153 2333 quale
1182 2281 1350 2331 nequis:

330 2351 488 2400 Integer
515 2357 574 2388 est
602 2349 740 2388 melior
768 2348 916 2387 nitidus
945 2348 1136 2398 gladiator
1164 2347 1205 2384 in
1233 2346 1362 2393 armis,

330 2416 463 2464 Quam
492 2428 583 2453 cum
612 2416 690 2453 tela
719 2427 790 2452 suo
819 2413 1009 2464 sanguine
1038 2413 1161 2451 tincta
1189 2413 1375 2450 madent:
1604 2426 1689 2460 1940

330 2481 460 2529 Inque
488 2479 553 2518 dei
582 2479 710 2518 missis
739 2479 887 2518 nitidus
917 2478 1000 2517 sine
1029 2478 1118 2516 labe
1148 2478 1331 2515 sacerdos

329 2545 467 2583 Victor
495 2544 537 2582 in
565 2546 642 2583 hoc
670 2543 871 2595 placidum
900 2545 973 2582 fert
1002 2542 1076 2581 sibi
1104 2544 1212 2580 lucra
1241 2542 1372 2579 deum.

331 2611 460 2658 Quale
488 2609 537 2647 sit
565 2611 642 2648 hoc
671 2611 779 2659 quod
809 2622 917 2647 amas
946 2607 1063 2647 celeri
1092 2605 1349 2656 circumspice
1378 2612 1523 2653 mente,

332 2676 383 2712 Et
411 2681 479 2712 tua
506 2675 634 2713 lesuro
663 2674 849 2712 subtrahe
877 2675 978 2712 colla
1006 2672 1121 2722 iugo:

332 2738 464 2776 Debet
493 2739 614 2776 homo
643 2738 797 2789 sapiens
826 2744 1033 2776 nascentes
1063 2737 1206 2786 pellere
1235 2735 1405 2783 morbos,

271 2840 352 2871 1915
376 2841 524 2870 pugnarn
548 2830 676 2862 CEHL
736 2841 909 2871 pungnam
935 2829 1022 2861 SGT
1082 2828 1247 2868 pinguam
1273 2828 1303 2858 D
1454 2837 1536 2867 1922
1562 2826 1635 2858 Nec
1659 2827 1686 2858 C

224 2885 340 2915 timeat
357 2883 449 2914 EDL
