2095 3173
439 239 520 290 264

905 239 1035 281 VOX
1076 240 1435 282 CLAMANTIS

486 368 577 404 Hic
620 370 669 403 in
718 371 811 405 fine
861 371 995 414 regis
1049 371 1317 414 epistolam
1370 373 1595 408 breuiter
1644 376 1909 417 concludit,

439 427 611 462 dicens
650 428 788 471 quod,
824 428 954 462 sicut
995 437 1081 463 rex
1116 439 1174 463 ex
1210 439 1296 465 sue
1334 430 1605 466 libertatis
1643 433 1910 478 priuilegio

439 485 700 519 sublimari
724 487 772 520 et
800 486 915 520 inde
939 496 1106 521 coram
1131 488 1314 531 populo
1337 488 1589 523 dominari
1617 491 1912 534 magnificus

444 544 718 585 affectabit,
736 543 810 579 ita
833 545 892 579 ad
915 554 1041 580 onus
1065 547 1140 580 sui
1162 547 1420 591 regiminis
1444 549 1688 583 cumomni
1707 550 1913 586 iusticia

444 603 838 646 supportandum
892 614 1059 640 coram
1111 605 1201 640 deo
1254 605 1438 641 iustum
1494 608 1542 641 et
1591 607 1820 644 humilem
1861 619 1914 644 se

446 661 775 703 presentabit.
850 663 954 697 Non
1005 664 1156 699 aliter
1201 665 1361 700 stabit
1409 675 1613 709 regnum
1660 668 1783 710 quod
1829 677 1915 702 rex

446 718 683 754 variabit.

268 798 395 847 Capw.
420 798 519 837 xviii.

607 800 753 850 Regia
782 803 1001 841 maiestas
1031 804 1304 842 veneracior
1332 811 1401 843 est
1431 817 1568 855 super
1596 818 1768 854 omnes,

555 866 674 903 Dum
703 867 876 916 probus
907 869 952 906 in
981 881 1125 919 regno
1154 881 1231 908 rex
1259 870 1377 920 regit
1406 878 1509 909 acta
1538 884 1631 910 suo.
1834 878 1916 910 1160

554 930 663 979 Ipse
692 931 829 970 deum
859 934 1008 982 primo
1037 934 1204 983 placat,
1234 935 1498 985 populique
1528 937 1738 975 secundo

556 995 710 1034 Corda
739 997 891 1045 trahit,
925 999 1147 1037 mundum
1177 1000 1243 1037 sic
1272 999 1414 1038 habet
1443 1000 1542 1050 ipse
1570 1000 1769 1041 bonum:

557 1062 616 1099 In
645 1068 766 1100 terra
795 1075 954 1113 pacem
984 1071 1217 1103 scrutatur
1245 1072 1289 1104 et
1318 1066 1502 1104 inuenit
1530 1067 1667 1114 illam,

558 1130 661 1178 Quo
690 1129 779 1166 celi
808 1141 998 1179 regnum
1029 1131 1242 1180 possidet
1270 1138 1378 1170 ante
1407 1133 1566 1172 deum:

557 1195 631 1232 Sic
660 1206 852 1243 magnus
882 1196 1055 1234 mundo
1084 1196 1230 1244 vinus,
1261 1204 1330 1235 set
1359 1197 1505 1235 maior
1534 1198 1709 1247 olimpo

558 1260 784 1306 Mortuus,
816 1259 862 1297 in
891 1260 1048 1299 Cristo
1078 1268 1239 1310 regnat
1267 1267 1465 1311 vtroque
1494 1263 1610 1301 loco.

560 1325 656 1362 Ista
685 1324 810 1363 bono
839 1326 934 1376 regi
966 1325 1086 1364 bona
1116 1327 1171 1364 de
1201 1326 1416 1365 bonitate
1446 1329 1636 1378 superni

559 1389 859 1439 Adueniunt3
899 1391 1036 1429 aliter
1065 1404 1157 1429 non
1187 1392 1250 1430 ita
1278 1392 1424 1431 stabit
1452 1394 1550 1432 iter.

614 1455 659 1493 Si
689 1467 765 1493 rex
793 1456 853 1493 sit
882 1469 1037 1504 vanus,
1070 1457 1129 1495 sit
1158 1469 1336 1505 auarus,
1367 1458 1522 1508 sitque
1551 1458 1790 1508 superbus,

561 1521 663 1569 Quo
694 1533 883 1571 regnum
913 1528 1112 1571 torquet,
1143 1529 1264 1561 terra
1292 1523 1488 1562 subacta
1517 1524 1658 1563 dolet.
1837 1537 1922 1571 1170

513 1665 592 1701 lee
618 1665 775 1713 chapter
799 1665 935 1702 stands
964 1677 1008 1702 as
1037 1665 1149 1702 above
1178 1665 1219 1702 in
1249 1665 1438 1704 SCEHG
1470 1665 1577 1716 (over
1602 1678 1758 1703 erasure
1790 1665 1832 1703 in
1867 1666 1929 1702 all

454 1734 581 1778 except
599 1729 676 1780 E).·
705 1730 765 1767 tlze
792 1730 968 1779 orzgz'nal
978 1729 1089 1778 form
1117 1730 1151 1767 is
1173 1730 1287 1778 given
1316 1731 1361 1778 by
1391 1731 1542 1779 DTH2‚
1575 1732 1658 1768 and
1685 1732 1772 1768 botlz
1793 1730 1924 1780 forms

455 1794 533 1844 (fille
552 1794 843 1850 orzginalfirsl>
865 1796 909 1843 by
931 1796 1029 1834 LL2.

502 1882 579 1917 Hic
603 1883 787 1927 loquitur
812 1884 856 1917 in
881 1883 964 1917 fine
990 1883 1114 1918 istius
1139 1883 1337 1927 Epistole,
1362 1883 1435 1918 vbi
1466 1894 1540 1928 pro
1566 1885 1684 1919 statu
1709 1884 1838 1927 Regis
1863 1884 1925 1919 de-

455 1941 603 1976 vocius
636 1944 798 1984 exorat,
827 1944 877 1977 vt
909 1942 1010 1977 deus
1045 1942 1179 1986 ipsius
1213 1944 1371 1978 etatem
1404 1943 1489 1977 iam
1523 1943 1713 1977 floridam
1740 1943 1784 1977 in
1813 1943 1925 1977 omni

456 2001 738 2044 prosperitate
765 2003 996 2043 conseruet,
1024 2003 1066 2036 et
1092 2002 1145 2035 ad
1171 2001 1337 2036 laudem
1367 2001 1433 2036 dei
1464 2002 1609 2045 suique
1639 2004 1681 2037 et
1710 2001 1791 2037 sibi
1823 2012 1924 2037 com·

454 2059 584 2094 misse
602 2059 736 2103 plebis
751 2059 985 2095 vtilitatem
1002 2059 1180 2094 feliciter
1199 2060 1399 2104 perducat
1416 2059 1460 2094 in
1477 2070 1608 2095 euum.

255 2124 380 2172 Capvu.
406 2121 531 2161 xviii*.

617 2124 705 2161 Rex
734 2123 807 2161 celi
838 2123 936 2161 deus
965 2130 1004 2161 et
1033 2123 1230 2171 dominus,
1263 2124 1330 2173 qui
1359 2130 1538 2173 tempora
1567 2124 1674 2162 solus

565 2188 769 2235 Condidit,
801 2195 839 2226 et
868 2189 974 2226 solus
1003 2189 1165 2227 condita
1193 2196 1336 2226 cuncta
1364 2189 1485 2238 regit3
1819 2188 1925 2227 1160*

566 2253 646 2302 Qui
676 2265 805 2291 rerum
834 2266 972 2291 causas
1002 2265 1049 2291 ex
1079 2266 1120 2291 se
1148 2254 1344 2302 produxit,
1377 2261 1415 2291 et
1443 2266 1565 2291 vnum

567 2319 616 2356 In
646 2330 687 2355 se
716 2318 952 2367 principium
981 2317 1098 2356 rebus
1128 2318 1256 2356 inesse
1285 2318 1420 2366 dedit,

569 2383 649 2431 Qui
679 2383 788 2421 dedit
817 2389 857 2421 vt
887 2382 1015 2421 stabili
1045 2390 1156 2421 motu
1186 2383 1417 2421 consisteret
1447 2383 1552 2422 orbis

569 2449 687 2486 Fixus
717 2449 939 2487 ineternum
969 2447 1189 2486 mobilitate
1219 2461 1314 2496 sua3

568 2514 730 2563 Quique
759 2520 901 2563 potens
931 2513 1039 2552 verbi
1067 2513 1251 2563 produxit
1279 2512 1330 2551 ad
1360 2525 1445 2551 esse
1474 2520 1614 2561 creata,

570 2578 731 2628 Quique
760 2591 830 2617 sue
859 2579 1002 2617 mentis
1031 2579 1116 2628 lege
1145 2578 1279 2628 ligauit
1309 2590 1354 2616 ea
1370 2590 1380 2626 ;

570 2645 662 2692 Ipse
691 2656 825 2682 meum
856 2645 1050 2682 quenem
1079 2650 1287 2681 conseruet
1317 2643 1496 2692 supplico
1526 2645 1690 2694 Regem,

569 2709 703 2757 Quem
730 2709 891 2747 videant
918 2721 1059 2747 sanum
1086 2720 1271 2758 prospera
1301 2708 1441 2757 Regna
1468 2721 1605 2747 senem
1620 2723 1631 2757 ;

572 2775 663 2822 Ipse
692 2774 938 2812 iuuentutem
967 2780 1074 2823 regat
1103 2780 1141 2812 et
1169 2773 1360 2822 producat
1390 2773 1429 2810 in
1460 2786 1590 2821 euum,

569 2839 733 2888 Semper
763 2846 801 2877 et
830 2839 871 2877 in
900 2840 1040 2878 melius
1070 2839 1208 2888 dirigat
1236 2845 1323 2876 acta
1353 2838 1462 2877 deus.
1819 2837 1926 2888 1170*

1029 2912 1130 2953 1165*
1147 2912 1268 2944 adesse
1286 2911 1349 2943 DL
