2095 3173
657 220 846 261 LIBER
889 219 1131 261 PRIMUS
1573 235 1624 274 35

265 329 428 378 Vulpes,
461 327 692 377 murelegos,
724 339 891 365 numero
920 327 1005 365 sine
1035 332 1123 376 post
1153 327 1355 365 venientes

264 394 369 441 Vidi,
401 394 467 443 qui
498 393 662 431 canibus
692 405 734 431 se
762 392 934 431 tribuere
962 405 1085 442 pares.

263 459 386 507 Quod
416 471 532 508 super
560 465 619 497 est
647 465 789 497 terram
820 458 941 495 nichil
969 465 1036 496 aut
1066 458 1175 508 quod
1206 457 1342 496 subtus
1373 457 1521 496 eisdem

263 524 476 562 Occultum
508 524 630 571 latuit,
663 531 721 561 set
750 523 875 572 magis
905 535 1026 561 omne
1054 523 1211 561 vident:

263 589 498 627 Discurrunt
527 589 689 638 campis,
721 594 942 626 scrutantur
971 595 1009 627 et
1038 589 1132 626 inde
1161 600 1361 633 Quernas,

266 654 318 691 Et
347 666 488 692 nemus
518 660 556 692 et
585 660 740 703 pratum
770 653 868 703 quid
897 653 946 691 sit
974 653 1122 703 vbique
1151 660 1312 703 petunt:

262 719 367 758 Vrbs
397 730 528 768 neque
557 719 761 756 castellum
791 719 968 768 lapidum
999 731 1073 758 nec
1103 720 1143 757 in
1173 719 1312 758 ordine
1341 731 1475 758 murus

261 786 443 834 Denegat
472 784 687 831 introitum,
719 784 881 833 quando
910 784 1043 823 venire
1072 784 1232 823 volunt:
1555 797 1620 833 470

260 850 333 888 Hii
362 855 570 899 penetrant
598 861 773 887 cameras
803 850 932 898 fortes,
965 850 1049 888 sine
1078 850 1269 899 claueque
1299 850 1414 887 cistas

260 915 425 963 Intrant‚
455 922 496 953 vt
524 914 646 964 preda
676 920 751 953 stet
780 915 975 964 patefacta
1004 927 1086 953 sua.

260 980 458 1019 Dentibus
488 993 535 1019 ex
563 980 664 1018 ferro
693 981 819 1030 longis
849 992 927 1029 que
957 979 1153 1018 ferocibus
1183 992 1321 1018 ornnes

259 1047 488 1085 Corrodunt
517 1052 629 1093 artes,
661 1046 771 1094 quod
800 1046 921 1082 nichil
952 1045 1084 1083 obstat
1113 1046 1179 1083 eis.

259 1113 353 1150 Hoc
382 1118 515 1150 tamen
545 1112 585 1148 in
615 1123 749 1149 morsu
778 1111 917 1148 viuens
947 1110 1057 1159 quod
1085 1110 1190 1148 virus
1219 1122 1355 1148 eorum

259 1178 430 1224 Leserat,
461 1177 512 1215 ad
541 1176 661 1214 vitam
691 1188 772 1213 non
802 1175 1001 1213 medicina
1031 1175 1162 1213 iuuat:

257 1243 399 1280 Mortis
430 1241 579 1280 habent
608 1253 796 1287 morsum,
828 1252 902 1278 nec
932 1240 1088 1289 scorpio
1117 1240 1204 1289 plus
1233 1246 1367 1289 grauat
1397 1240 1470 1278 illis
1485 1254 1496 1288 3

257 1309 352 1356 Quo
381 1307 544 1346 veniunt
573 1306 681 1353 tales,
713 1318 819 1344 mors
848 1305 955 1343 venit
984 1305 1069 1354 ipsa
1098 1317 1244 1344 comes.

310 1374 372 1410 En
402 1378 580 1410 statuunt
608 1372 697 1409 cani
727 1371 899 1410 nemoris
929 1371 1127 1409 dimittere
1155 1371 1292 1420 vulpes

254 1439 390 1485 Antra,
422 1449 500 1487 que
529 1437 694 1487 gentiles
723 1436 828 1474 vrbis
857 1436 966 1474 adire
995 1436 1164 1474 domos:
1551 1442 1615 1482 480

254 1504 346 1552 Que
374 1510 568 1541 nocturna
596 1502 724 1540 solent
753 1502 950 1540 latitanter
978 1501 1081 1539 furta⁴
1107 1501 1243 1551 parari,

253 1569 326 1606 Illa
355 1568 439 1607 dies
468 1568 571 1606 clara
599 1574 695 1606 tunc
724 1567 932 1605 manifesta
960 1573 1082 1616 parat.

252 1634 457 1672 Ammodo
486 1634 584 1684 quid
613 1633 687 1672 sibi
717 1639 809 1671 sunt
837 1645 912 1671 nee
941 1632 1027 1670 ouis
1057 1644 1131 1670 nec
1162 1643 1340 1682 pauper
1370 1632 1486 1678 ouile,

254 1700 340 1738 Nec
369 1699 445 1737 sibi
474 1699 525 1737 de
553 1699 684 1748 predis
714 1699 844 1748 pullus
874 1705 912 1736 et
940 1710 1042 1748 agna
1070 1699 1239 1747 placent,

255 1765 347 1814 Que
375 1771 509 1803 tamen
540 1765 711 1802 existunt
739 1764 897 1802 maioris
927 1764 967 1801 in
995 1762 1091 1801 vrbe
1119 1763 1272 1809 valoris,

253 1830 345 1868 Hec
374 1831 540 1879 rapiunt,
572 1842 646 1868 nec
675 1830 730 1867 eis
759 1829 821 1867 lex
849 1829 1028 1878 aliqualis
1058 1828 1182 1866 obest.

256 1894 337 1942 Qui
366 1894 524 1933 suberat
553 1901 653 1932 terra
681 1894 832 1932 seruilis
861 1893 988 1942 vulpis
1018 1893 1058 1930 in
1086 1893 1194 1930 aulas

254 1960 430 2005 Scandit,
462 1966 501 1997 et
530 1958 754 2008 hospicium
783 1958 883 1996 liber
910 1957 1058 2007 vbique
1087 1957 1205 2006 petit:

252 2025 332 2073 Qui
363 2025 468 2074 prius
498 2025 705 2062 extiterant
734 2023 899 2061 canibus
928 2023 1064 2072 vulpes
1094 2022 1254 2067 inimici,

252 2091 397 2128 Mutua
424 2089 644 2127 concordes
673 2089 806 2127 federa
835 2089 942 2138 pacis
971 2087 1143 2125 habent:
1547 2102 1612 2134 490

258 2156 321 2193 Fit
349 2156 476 2204 lupus,
508 2161 626 2204 atque
655 2155 735 2192 fere
763 2154 923 2203 rapidus
951 2153 1114 2203 vestigia
1143 2158 1283 2199 seruat,

257 2220 337 2268 Qui
367 2220 466 2258 solet
495 2226 588 2257 ante
616 2219 740 2269 magis
769 2230 855 2257 esse
884 2218 1048 2256 bidente
1076 2217 1176 2266 pius.

305 2285 398 2323 Hiis
427 2297 590 2334 quoque
618 2285 840 2334 murelegus
870 2284 1051 2330 sociatur,
1083 2289 1122 2321 et
1151 2282 1289 2320 horrea
1318 2282 1502 2331 linquens

251 2351 399 2389 Nititur
428 2351 468 2388 in
497 2351 661 2388 vetitum
691 2350 856 2388 rusticus
886 2350 970 2398 ipse
999 2349 1159 2386 malum.

251 2415 455 2454 Ammodo
484 2416 707 2464 murelegus
737 2414 890 2453 desistit
919 2414 1112 2463 prendere
1142 2424 1283 2459 mures,

251 2482 337 2520 Nec
366 2487 505 2518 natura
533 2493 647 2518 suum
678 2486 787 2518 curat
815 2479 962 2517 habere
991 2479 1180 2516 modum:

252 2546 333 2594 Qui
362 2546 462 2583 solet
491 2558 514 2583 a
543 2545 730 2583 domibus
760 2545 953 2594 expellere
983 2545 1054 2582 rite
1084 2543 1238 2588 nociua‚

250 2612 367 2648 Tunc
396 2617 523 2657 nocet,
555 2618 593 2648 et
623 2623 772 2649 nocuas
801 2616 992 2659 prouocat
1022 2620 1107 2646 esse
1136 2608 1290 2645 domos.

251 2675 346 2713 Non
375 2676 428 2712 ita
458 2675 695 2713 mordebant
723 2687 866 2721 mures,
898 2674 965 2723 qui
995 2685 1120 2722 nuper
1150 2672 1188 2708 in
1219 2670 1355 2709 vrbem

16 2727 31 2787 l*
248 2740 459 2778 Accharon
489 2741 691 2788 intrarunt,
723 2752 803 2790 quo
832 2740 905 2777 fuit
934 2739 1050 2777 archa
1080 2737 1155 2784 dei,
1544 2751 1608 2782 500

19 2798 31 2872 l*
184 2827 247 2865 465
271 2835 376 2865 super
392 2830 443 2856 est
461 2825 486 2856 S
531 2829 689 2864 superest
706 2824 797 2856 CED
928 2823 992 2863 468
1016 2823 1059 2854 sit
1076 2820 1220 2853 CEDH2
1264 2821 1313 2852 sic
1331 2820 1419 2852 SGT
1544 2831 1608 2861 479

29 2875 31 2892 ¹
142 2878 214 2908 caui
233 2878 276 2919 (2)
293 2877 320 2908 C
366 2877 460 2908 canis
478 2877 508 2907 D

2 2917 33 2958 Ψ·
843 2942 871 2969 D
895 2943 914 2968 2
