2095 3173
696 224 883 264 LIBER
922 223 1195 265 TERCIUS
1603 227 1676 265 161

261 345 340 380 Hic
357 346 540 390 loquitur
558 346 609 381 de
627 347 949 391 presbiterorum
968 346 1176 390 dignitate
1199 346 1420 390 spirituali,
1438 348 1480 382 et
1502 347 1682 390 qualiter

213 403 285 444 hii,
304 405 342 439 si
359 406 465 440 bene
484 407 618 448 agant
636 415 715 440 sua
732 405 879 445 officia,
897 406 992 449 plus
1011 405 1107 439 aliis
1125 405 1366 449 proficiunt:
1395 405 1616 445 sinautem,
1633 406 1682 440 de

215 462 306 497 suis
322 464 447 498 malis
465 463 666 508 exemplis
683 464 947 507 delinquendi
963 465 1100 508 magis
1117 464 1362 499 ministrant
1379 464 1637 499 occasiones.

29 538 155 588 Capm.
178 537 290 575 xxvii.

377 538 586 577 Presbiteri
614 540 657 577 fit
686 552 851 588 magnus
880 540 1008 577 honor
1036 539 1239 589 maiorque
1267 546 1452 590 potestaS‚

324 603 364 641 Si
394 605 530 653 procul
558 617 582 642 a
610 603 718 642 viciis
748 603 797 641 sit
826 603 913 654 pius
942 611 1061 654 atque
1090 604 1230 643 bonus.

326 668 395 706 Hii
425 668 659 707 sacramenti
688 668 870 707 manibus
900 669 1072 707 misteria
1101 669 1245 708 summi

325 735 525 782 Tractant,
557 747 637 784 quo
666 734 787 772 verbo
818 735 859 772 fit
888 748 979 773 caro
1008 734 1142 773 iuncta
1170 736 1274 774 deo:

325 798 476 849 Hiique
504 801 631 838 scelus
660 801 817 838 lauacro
846 799 1031 850 baptismi
1059 802 1194 839 tollere
1223 808 1360 839 sancto

325 865 507 911 Possunt,
539 878 619 914 quo
648 865 796 915 primus
825 865 969 903 corruit
998 865 1082 915 ipse
1111 879 1280 916 parens:

326 929 397 967 Hii
426 944 586 980 quoque
615 932 699 980 lege
728 944 834 969 noua
862 931 1062 969 celebrant
1091 931 1288 981 sponsalia
1316 938 1459 977 nostra,

326 996 377 1033 Et
406 995 438 1033 si
467 995 550 1033 iura
578 1003 717 1046 petunt
746 1009 935 1045 cassaque
965 997 1072 1033 nulla
1100 997 1253 1034 ferunt:
1599 1010 1685 1043 1990

328 1059 399 1097 Hii
429 1074 589 1110 quoque
618 1061 807 1099 confessis
836 1060 992 1099 veniam
1020 1068 1195 1110 prestant
1223 1060 1412 1108 residiuis,

328 1125 562 1175 Errantique
590 1125 673 1164 viro
702 1127 798 1164 dant
826 1139 999 1164 remeare
1028 1127 1128 1164 deo:

329 1189 401 1227 Hii
430 1204 589 1240 quoque
618 1192 803 1229 celestem
833 1190 948 1228 nobis
977 1191 1073 1229 dant
1102 1204 1256 1229 sumere
1284 1204 1439 1240 panem,

330 1257 423 1293 Post
452 1263 491 1293 et
520 1255 560 1293 in
587 1255 768 1294 extremis
798 1255 938 1293 vnccio
968 1262 1118 1306 spectat
1147 1255 1228 1294 eis:

330 1320 401 1358 Hii
430 1334 591 1370 quoque
619 1319 815 1359 defunctis
844 1320 993 1358 debent
1022 1321 1198 1359 conferre
1228 1320 1401 1370 sepultis,

330 1386 457 1434 Inque
486 1399 556 1423 sua
585 1385 703 1423 missa
732 1386 895 1423 reddere
923 1392 1015 1423 vota
1042 1385 1117 1435 pia.

383 1450 455 1488 Hii
484 1458 574 1488 sunt
603 1451 659 1488 sal
688 1458 797 1497 terre,
830 1463 910 1500 quo
939 1463 1012 1488 nos
1041 1450 1251 1489 condimur
1279 1450 1319 1488 in
1349 1450 1454 1496 orbe,

327 1515 493 1566 Absque
521 1529 660 1565 sapore
689 1529 760 1553 suo
790 1515 852 1553 vix
881 1508 1038 1554 salietur
1067 1517 1199 1553 homo.

329 1583 377 1619 In
406 1583 496 1628 sale,
528 1582 637 1631 quod
667 1580 772 1619 misit
800 1580 841 1618 in
869 1594 1003 1631 aquas,
1037 1580 1223 1619 Heliseus
1253 1582 1412 1620 easdem

328 1648 458 1694 Sanat‚
489 1659 563 1684 nec
593 1654 768 1684 remanet
797 1653 933 1695 gustus
962 1660 1117 1684 amarus
1147 1646 1230 1684 eis:
1605 1660 1690 1683 2000

330 1713 378 1749 In
408 1713 487 1750 sale
516 1711 689 1761 signatur
718 1712 890 1761 prudens
920 1711 1112 1750 discrecio
1141 1711 1243 1757 iusti,

330 1779 383 1815 Vt
412 1776 603 1815 discretus
633 1778 755 1814 homo
785 1776 945 1814 condiat
974 1776 1067 1814 inde
1097 1790 1200 1814 suos.

331 1841 402 1879 Hii
431 1849 522 1879 sunt
550 1843 615 1879 lux
644 1841 794 1887 mundi,
827 1848 1064 1890 quapropter
1093 1840 1124 1878 si
1154 1840 1353 1879 tenebrosi

330 1906 426 1954 Sint,
458 1914 552 1944 tunc
582 1919 654 1943 nos
683 1905 766 1944 ceci
796 1914 944 1943 stamus
973 1905 1013 1942 in
1043 1905 1138 1943 orbe
1167 1905 1263 1955 vagi.

334 1973 445 2009 Dans
475 1971 757 2009 offendiculum
788 1984 884 2009 ceco
913 1984 993 2020 quo
1022 1970 1165 2009 leditur
1194 1972 1315 2008 vllum

331 2038 386 2074 Vt
415 2037 512 2074 deus
542 2035 719 2083 instituit,
751 2035 815 2073 hic
846 2035 1077 2074 maledictus
1107 2035 1204 2073 erit:

333 2102 441 2141 Ceco
469 2100 651 2151 preponit
680 2101 894 2148 obstacula,
926 2101 993 2151 qui
1023 2101 1233 2139 maledicta

332 2166 530 2204 Peccandi
559 2166 695 2216 prebet
724 2180 793 2216 per
822 2180 892 2204 sua
920 2167 1021 2204 facta
1050 2165 1164 2204 viam.

387 2231 459 2269 Hii
488 2239 579 2270 sunt
607 2233 711 2270 scala
741 2232 864 2270 Iacob
893 2239 1056 2282 tangens
1086 2231 1245 2270 celestia
1274 2244 1438 2278 summa,

334 2297 456 2334 Plena
484 2296 575 2335 satis
604 2297 800 2347 gradibus,
832 2298 936 2335 vnde
965 2297 1114 2347 patebit
1143 2296 1241 2335 iter:
1605 2311 1691 2334 2010

335 2360 406 2398 Hii
435 2369 526 2399 sunt
554 2375 669 2400 mons
699 2370 868 2409 sanctus,
900 2376 968 2412 per
998 2375 1096 2411 quos
1126 2363 1393 2400 conscendere
1423 2361 1543 2400 debet

333 2425 533 2464 Virtutum
562 2428 719 2464 culmen
749 2426 916 2476 quisque
945 2426 1071 2465 fidelis
1101 2427 1249 2464 homo:

336 2490 407 2529 Hii
437 2499 527 2529 sunt
556 2491 765 2529 consilium
794 2500 983 2539 nostrum,
1015 2491 1077 2529 via
1105 2499 1210 2530 recta
1239 2504 1417 2542 superne,

336 2555 451 2606 Legis
480 2557 672 2603 doctores,
705 2565 743 2595 et
772 2570 878 2595 noua
906 2565 1039 2595 nostra
1067 2558 1194 2594 salus:

336 2620 409 2658 Hii
437 2622 626 2659 claudunt
655 2623 784 2660 celum
813 2624 973 2672 populo,
1006 2629 1177 2660 reserant
1206 2628 1245 2659 et
1273 2628 1463 2671 apertum,

336 2688 507 2724 Possunt
535 2685 669 2736 hiique
697 2686 793 2724 boni
822 2687 991 2725 subdere
1020 2694 1163 2725 cuncta
1192 2685 1276 2723 sibi.

339 2750 562 2797 ‘Crescite,'
591 2750 732 2789 dicitur
760 2751 845 2799 hiis,
880 2754 942 2790 ‘et
972 2753 1140 2789 multum
1169 2750 1322 2789 reddite
1351 2751 1571 2798 fructum'3

276 2845 356 2875 1991
376 2834 533 2865 residiuis
552 2834 637 2866 SET
681 2835 840 2867 recidiuis
858 2835 990 2866 CHDL
1089 2845 1174 2875 1999
1191 2833 1354 2865 Helizeus
1372 2834 1398 2865 C
1446 2833 1620 2874 Helyseus
1638 2833 1696 2864 EL

229 2897 316 2926 2009
339 2886 392 2917 No
403 2892 542 2928 paragr.
561 2887 585 2918 S

285 2941 381 2962 ****

947 2953 980 2979 M
