2095 3173
496 209 576 248 244

963 196 1093 237 VOX
1135 195 1494 237 CLAMANTIS

608 304 697 341 Dux
727 303 757 340 si
788 303 926 352 perdat
956 302 1037 349 iter,
1069 308 1199 340 errant
1228 301 1279 339 de
1308 299 1425 350 plebe
1455 307 1677 350 sequentes,

604 369 655 406 Et
685 368 745 405 via
775 380 853 416 qua
882 367 1035 405 redient
1064 373 1122 404 est
1152 365 1372 404 dubitanda
1401 366 1535 415 magis.

604 434 769 482 Propter
798 438 1006 481 peccatum
1035 432 1135 481 regis
1164 431 1301 480 populi
1330 431 1540 480 perierunt,

603 497 807 547 Quicquid
836 503 875 535 et
905 504 1065 535 econtra
1093 498 1203 535 litera
1232 509 1318 534 raro
1348 497 1490 544 docet3

602 563 729 612 Regia
760 569 818 600 set
846 561 1005 601 bonitas
1035 563 1108 601 fert
1138 561 1244 612 plebi
1273 563 1416 612 gaudia
1445 562 1565 611 pacis,

602 628 708 665 Nam
738 628 836 666 deus
864 628 916 667 ad
945 628 1070 666 sancti
1100 628 1200 678 regis
1230 628 1384 678 agenda
1413 628 1543 666 fauet:

601 693 642 732 Si
670 693 840 732 viciosus
871 694 977 731 enim
1008 694 1056 732 sit
1085 706 1160 741 rex,
1193 694 1284 743 quia
1313 694 1375 731 lex
1404 693 1554 742 nequit,
1586 692 1715 743 ipsum

601 759 697 796 Vult
726 759 867 808 punire
896 759 1011 807 deus,
1040 760 1107 808 qui
1137 771 1255 808 super
1283 770 1404 797 omne
1432 764 1575 808 potest.

602 824 830 874 Expediens
859 825 1008 874 populo
1038 825 1138 863 foret
1167 831 1207 862 vt
1236 824 1339 863 bene
1368 824 1518 862 viueret
1548 824 1678 862 omnis

600 890 699 937 Rex,
732 890 832 927 iacet
862 891 901 927 in
932 890 1116 928 manibus
1147 902 1230 928 sors
1260 890 1352 939 quia
1381 889 1477 928 bina
1506 890 1615 928 suis:

600 956 692 992 Vna
721 955 825 994 salus
855 956 991 1005 populi
1021 967 1087 993 rex
1116 955 1183 1005 qui
1214 955 1317 993 bene
1347 955 1443 992 viuit
1472 954 1650 1002 habetur,

601 1020 733 1059 Plebis
763 1028 802 1059 et
830 1021 871 1058 in
902 1028 1054 1071 pestem
1084 1033 1151 1059 rex
1180 1021 1308 1059 malus
1337 1028 1424 1058 acta
1452 1020 1576 1069 parit3

602 1087 699 1125 Eius
729 1087 836 1125 enim
866 1087 1014 1125 scelera
1040 1093 1200 1125 constat
1230 1086 1354 1136 magis
1384 1098 1470 1124 esse
1499 1086 1656 1133 nociua,

601 1152 724 1192 Cuius
754 1152 904 1191 habent
933 1153 1071 1202 populi
1102 1152 1265 1191 condita
1295 1153 1377 1190 iura
1408 1152 1534 1201 sequi.

654 1217 759 1257 Cum
790 1219 839 1256 sit
868 1218 993 1257 maior
1022 1218 1156 1265 homo,
1188 1224 1280 1257 sunt
1308 1217 1396 1267 plus
1426 1229 1498 1255 sua
1524 1216 1691 1255 crimina
1723 1223 1859 1264 tant03

601 1283 711 1320 Dum
741 1283 847 1322 cadit
876 1296 923 1322 ex
952 1284 1051 1331 altis,
1082 1284 1226 1322 leditur
1255 1282 1350 1321 inde
1378 1283 1514 1332 magis.

602 1348 738 1386 Plures
768 1361 888 1387 cerno
918 1361 1017 1396 reos„
1049 1349 1173 1399 magis
1203 1355 1379 1386 attamen
1409 1347 1597 1386 omnibus
1629 1347 1746 1396 ipsos,

601 1413 769 1463 Legiferi
803 1414 870 1464 qui
900 1421 992 1452 sunt
1022 1421 1060 1452 et
1089 1415 1174 1452 sine
1203 1414 1289 1463 lege
1318 1421 1494 1451 manent.

601 1479 705 1517 Cum
736 1479 820 1517 sine
849 1479 934 1528 lege
963 1479 1055 1517 furit
1085 1480 1193 1529 regni
1222 1479 1364 1516 viciata
1392 1485 1582 1528 potestas,

601 1544 701 1582 Esse
730 1544 851 1581 nichil
880 1551 965 1582 toto
995 1545 1140 1582 tristius
1170 1543 1266 1582 orbe
1295 1550 1449 1593 potest:

600 1609 789 1647 Sanccius
820 1621 906 1648 esse
935 1622 1056 1659 pecus
1085 1610 1300 1659 animoque
1329 1609 1513 1658 capacius
1543 1609 1630 1659 ipso

601 1674 768 1723 Estimo,
801 1675 869 1725 qui
898 1675 981 1713 iura
1010 1675 1077 1714 dat
1107 1687 1238 1724 neque
1267 1682 1396 1712 seruat
1426 1687 1482 1713 ea.

601 1740 820 1789 Imperium
850 1741 971 1790 Regis
1001 1753 1082 1778 non
1112 1741 1241 1778 solum
1272 1739 1375 1778 bella
1404 1740 1612 1789 triumphis

601 1804 765 1853 ornant,
797 1812 856 1843 set
884 1806 990 1855 leges
1019 1812 1148 1844 seruet
1177 1804 1324 1854 vbique
1353 1804 1490 1843 bonas.

601 1871 749 1909 Nonne
778 1871 921 1909 domus
951 1871 1094 1920 poterit
1122 1883 1364 1920 componere
1394 1883 1436 1908 se
1465 1871 1550 1909 sine
1578 1871 1720 1920 lignis3

600 1936 667 1974 Set
696 1935 771 1974 sibi
801 1936 897 1986 quid
927 1937 1043 1986 ligna,
1076 1937 1107 1974 si
1137 1948 1212 1974 nec
1241 1945 1356 1974 acuta
1385 1937 1514 1974 foret?

601 2000 668 2039 Set
697 2001 795 2051 quid
823 2008 938 2039 acuta
967 2002 1080 2049 valet,
1112 2001 1186 2039 nisi
1216 2002 1428 2050 persistens
1458 2001 1656 2051 operantis

599 2067 731 2104 Vnitis
762 2067 890 2104 causis
920 2067 968 2104 sit
996 2079 1138 2105 manus
1167 2067 1357 2104 artificis?

601 2132 694 2170 Hec
723 2130 797 2170 sibi
829 2132 860 2169 si
890 2132 1033 2170 fuerint
1062 2132 1284 2178 coniuncta,
1318 2144 1386 2181 per
1415 2144 1534 2170 omne
1563 2131 1769 2179 iuuabunt,

601 2196 653 2234 Et
682 2196 713 2234 si
744 2197 882 2244 diuisa,
913 2210 1001 2246 pars
1031 2196 1106 2234 sibi
1135 2197 1243 2234 nulla
1272 2197 1391 2234 iuuat.

654 2262 776 2300 Terra
805 2262 902 2311 quid
931 2269 990 2300 est
1019 2262 1112 2309 sola,
1144 2262 1315 2311 populus
1346 2262 1420 2299 nisi
1451 2261 1561 2299 sistat
1590 2261 1630 2299 in
1660 2262 1754 2299 illa?

534 2390 636 2429 After
648 2401 712 2431 522
731 2391 761 2422 D
779 2391 841 2422 has
857 2390 1081 2432 Μηζίοῖῐοῑιμιίῃ5
1099 2402 1151 2423 :—

758 2443 866 2483 Regis
890 2454 1033 2484 namque
1055 2444 1174 2474 modus
1198 2443 1283 2474 alios
1307 2443 1516 2482 moderatur,
1541 2446 1569 2473 et
1590 2444 1700 2474 omnis

756 2495 843 2526 Iuris
867 2496 910 2526 ad
934 2496 1081 2527 officium
1105 2495 1226 2526 dicitur
1250 2506 1327 2526 esse
1352 2501 1461 2534 caput.

758 2548 795 2579 Si
819 2549 930 2579 bonus
956 2559 1033 2579 esse
1057 2548 1141 2579 velit
1166 2548 1257 2586 Rex,
1280 2548 1328 2579 hii
1351 2548 1407 2587 qui
1432 2552 1512 2578 sunt
1534 2547 1694 2578 bonitatis

756 2600 844 2631 Sunt
869 2601 977 2640 magis
1001 2600 1111 2631 edocti
1136 2600 1334 2631 condicione
1357 2610 1440 2631 sua:

758 2652 795 2682 Si
820 2651 928 2683 malus
952 2661 1028 2683 esse
1053 2652 1146 2691 velit,
1171 2652 1271 2682 simili
1298 2652 1376 2682 Rex
1399 2656 1493 2682 sorte
1518 2651 1669 2689 clientes,

756 2704 800 2734 Vt
824 2704 887 2734 sibi
911 2703 1146 2745 complaciant‚
1171 2704 1275 2743 eligit,
1301 2708 1412 2742 ornat,
1439 2708 1538 2734 amat.

759 2754 894 2795 Iamque
915 2756 1129 2795 supercreuit
1152 2756 1248 2786 dolus
1275 2759 1303 2786 et
1326 2755 1450 2786 defecit
1472 2755 1644 2794 honestas,

759 2807 871 2838 Sentit
895 2811 923 2838 et
945 2808 1179 2848 opprobrfflm,
1205 2808 1296 2847 quod
1320 2807 1382 2838 fuit
1407 2812 1486 2838 ante
1511 2807 1626 2838 decus.

501 2857 586 2888 Tlten
605 2858 625 2888 l.
643 2867 706 2898 522
727 2859 903 2901 (repeated)
923 2859 995 2891 and
1007 2870 1070 2899 523
1084 2861 1117 2893 ff.

1905 382 1970 414 500

1906 1036 1969 1067 510

1902 1690 1968 1722 520
