2095 3173
682 236 870 277 LIBER
911 235 1151 276 PRIMUS
1600 250 1653 289 59

297 343 404 390 Heu,
435 342 546 392 quod
574 343 614 381 in
643 343 720 381 hoc
749 343 845 381 fient
874 349 1052 392 tempore
1079 349 1188 380 tanta
1216 342 1345 380 mala!

296 408 446 446 Leticie
474 408 593 446 facies
622 415 717 446 tunc
746 408 852 446 nulla
880 408 1034 446 videtur
1062 408 1102 445 in
1131 407 1237 455 vrbe,

295 473 547 522 Compatitur
574 474 704 511 vultus
733 473 862 511 cordis
890 486 1022 511 amara
1051 473 1134 512 sui:
1570 486 1654 518 1330

296 538 417 576 Nulla
446 538 557 587 quies
587 538 730 576 mentis
759 539 841 577 lese
870 538 1103 588 nullumque
1133 538 1319 576 iuuamen

296 603 445 650 Extitit,
475 610 516 641 vt
545 616 686 641 sanum
715 609 872 653 tempus
901 603 1047 641 habere
1077 611 1206 653 queat.

348 669 413 707 Sic
441 680 552 706 amor
580 680 673 706 ecce
703 676 814 706 vetus
843 669 962 707 Troie
991 676 1165 706 mutatur
1193 669 1233 707 in
1262 669 1371 716 iram,

295 733 448 773 Cantus
477 740 516 772 et
544 745 592 772 ex
620 733 781 783 planctu
809 734 935 772 victus
963 734 1110 784 vbique
1139 734 1248 773 silet:

298 799 346 836 In
375 798 555 836 lacrimas
584 798 693 845 risus,
725 799 765 836 in
795 799 970 837 dedecus
999 805 1058 838 est
1087 799 1216 837 honor
1244 799 1374 837 omnis

295 864 455 910 Versus,
487 870 525 901 et
555 863 595 900 in
625 863 814 901 nichilum
845 865 955 914 quod
984 864 1057 902 fuit
1085 871 1177 903 ante
1206 865 1310 902 satis.

295 928 377 967 Ora
404 928 530 977 rigant
559 929 684 976 fletus,
715 929 846 967 tremit
875 936 913 968 et
942 929 1153 968 formidine
1182 935 1332 978 pectuS,

296 994 454 1033 Gaudia
482 1006 560 1043 que
589 994 742 1032 fuerant
770 994 934 1033 deuorat
963 995 1046 1044 ipsa
1075 995 1212 1033 dolor:

295 1058 505 1108 Aspiceres
533 1058 630 1096 alios
660 1059 799 1097 flentes
828 1066 1008 1108 terraque
1036 1059 1220 1105 iacentes,

295 1124 409 1173 Quos
438 1124 552 1162 dolor
579 1124 737 1163 alterius
766 1124 946 1174 proprius
974 1131 1094 1173 atque
1122 1124 1241 1170 dolet,
1574 1139 1656 1170 1340

297 1190 350 1227 Et
379 1202 449 1227 sua
478 1190 714 1227 multociens
743 1189 795 1227 ad
823 1189 954 1227 celum
983 1187 1145 1227 brachia
1174 1188 1355 1235 tendunt,

296 1255 337 1293 Si
366 1254 490 1304 magis
521 1267 568 1292 ex
597 1254 747 1304 superis
776 1255 826 1292 sit
854 1254 1053 1293 medicina
1083 1254 1207 1291 malis.

296 1319 378 1368 Qui
406 1319 536 1358 bonus
565 1319 744 1358 extiterat
773 1319 895 1369 magis
925 1326 983 1357 est
1013 1318 1190 1357 bonitate
1219 1330 1427 1366 remorsus,

297 1385 483 1423 Planctus
512 1391 593 1423 erat
622 1383 801 1430 celebris,
831 1397 961 1423 meror
988 1384 1135 1434 vbique
1164 1397 1304 1422 nouus.

297 1449 468 1488 ‘Omnia
496 1450 766 1499 perdidimus‚'
795 1450 944 1497 dicunt,
976 1450 1068 1499 quia
1097 1450 1228 1488 nullus
1258 1450 1298 1487 in
1327 1449 1433 1497 vrbe,

296 1516 430 1565 Quem
460 1522 583 1554 status
612 1522 802 1566 expectat,
834 1516 1030 1565 quicquid.
1054 1516 1215 1555 honoris
1245 1516 1376 1554 habet.

297 1581 379 1630 Qui
408 1582 459 1619 de
488 1582 573 1631 lege
602 1582 725 1631 magis
755 1581 950 1620 florebant
978 1589 1074 1620 tunc
1103 1581 1312 1631 sapientes,

298 1646 501 1696 Impositis
529 1647 669 1696 gladiis
698 1647 799 1685 colla
827 1654 1009 1685 secantur
1037 1647 1117 1686 eis:

298 1712 412 1760 Quos
441 1712 564 1761 magis
594 1718 633 1750 et
661 1712 759 1750 furie
788 1711 1023 1762 reputabant
1051 1724 1138 1750 esse
1167 1712 1324 1761 peritos,

297 1777 539 1815 Vulneribus
568 1777 727 1827 paribus
756 1790 921 1826 corpora
949 1790 1040 1815 cesa
1068 1784 1197 1814 ruunt.
1574 1790 1659 1822 1350

298 1841 467 1880 Garrula
495 1842 611 1891 culpa
640 1842 755 1888 volat,
787 1842 1026 1891 timidasque
1055 1842 1275 1891 perhorruit
1303 1853 1426 1888 aures,

301 1907 389 1945 Nec
418 1907 533 1944 sciuit
561 1907 718 1955 sapiens
747 1906 843 1956 quid
873 1906 947 1944 sibi
976 1906 1060 1943 iura
1088 1906 1243 1944 valent:

299 1971 449 2010 Floruit
478 1983 599 2009 omne
629 1971 768 2018 scelus,
798 1970 954 2009 bonitas
984 1970 1092 2020 perit,
1124 1982 1295 2019 egraque
1324 1970 1407 2008 iura

302 2037 542 2083 Deveniunt‚
574 2049 652 2086 que
680 2048 819 2086 regens
849 2048 930 2074 non
961 2035 1080 2074 habet
1110 2036 1215 2074 vnde
1244 2043 1362 2084 regat.

299 2103 392 2139 Hec
421 2108 460 2140 et
488 2102 600 2151 plura
629 2102 736 2139 ferox
766 2101 905 2148 rabies,
937 2113 1015 2150 que
1045 2100 1175 2139 nullus
1204 2100 1255 2138 ab
1284 2107 1376 2138 ante

298 2167 473 2214 Viderat,
506 2166 664 2204 insolita
693 2166 785 2205 fecit
815 2166 855 2203 in
884 2165 979 2204 vrbe
1008 2166 1134 2203 mala:

297 2230 426 2270 Vrbes
455 2244 537 2270 non
566 2238 720 2269 tantum
748 2231 991 2281 generaliter,
1023 2231 1146 2268 immo
1176 2242 1245 2279 per
1274 2241 1437 2268 omnem

299 2298 381 2336 Iste
410 2297 516 2335 furor
544 2297 710 2347 patriam
740 2295 1009 2346 subpeditauit
1038 2296 1219 2334 humum.

234 2427 313 2461 Hic
348 2427 512 2470 plangit
547 2426 773 2461 secundum
806 2426 1014 2461 visionem
1047 2425 1229 2468 sompnii
1261 2424 1384 2468 quasi
1412 2424 1455 2458 in
1489 2424 1658 2467 propria

188 2495 371 2529 persona
397 2485 563 2520 dolores
588 2485 764 2525 illorum,
789 2485 860 2528 qui
885 2485 930 2519 in
956 2484 1075 2519 siluis
1104 2485 1147 2518 et
1172 2483 1383 2527 speluncis
1408 2493 1480 2526 pre
1509 2482 1658 2517 timore

186 2544 388 2588 temporis
413 2544 524 2578 illius
548 2543 758 2579 latitando
784 2553 831 2578 se
857 2543 1106 2578 munierunt.

48 2628 173 2677 Capru.
196 2626 269 2664 xvi.
356 2625 448 2662 Hec
477 2625 529 2662 ita
558 2637 648 2663 cum
677 2624 769 2671 vidi,
801 2635 865 2662 me
893 2623 1043 2661 luridus
1073 2628 1241 2671 occupat
1270 2621 1416 2668 horror,

302 2690 354 2728 Et
384 2689 495 2739 quasi
525 2689 725 2727 mortifera
754 2695 829 2726 stat
859 2688 979 2725 michi
1008 2687 1087 2725 vita
1116 2698 1228 2733 mea3
1572 2690 1656 2731 1360

301 2754 464 2802 Semper
492 2753 532 2790 in
561 2753 722 2791 interius
751 2752 956 2802 precordia
984 2751 1119 2789 mortis
1147 2762 1289 2800 ymago

302 2818 461 2868 Pungit,
490 2825 528 2857 et
556 2825 597 2857 vt
624 2818 778 2869 gladius
806 2818 955 2855 viscera
983 2823 1065 2854 tota
1094 2822 1242 2854 mouet.

777 2893 858 2933 1361
885 2892 1029 2924 internis
1047 2891 1078 2922 D
