2912 4368
865 797 1049 837 LIBER
1092 798 1365 840 TERCIUS

494 902 543 939 Et
573 904 663 951 quia
695 903 767 941 sub
798 905 899 942 trino
930 906 1068 944 mundi
1098 914 1220 944 status
1250 908 1388 946 ordine
1419 908 1547 955 fertur,

492 966 573 1004 Sub
604 968 702 1005 trina
732 970 829 1007 serie
859 977 900 1007 tu
931 983 1018 1008 mea
1048 972 1189 1020 scripta
1220 973 1321 1010 foue.

493 1032 583 1068 Hiis
613 1032 683 1069 tibi
714 1033 842 1070 libatis
873 1047 999 1072 nouus
1030 1035 1131 1073 intro
1161 1044 1279 1073 nauta
1309 1038 1560 1086 profundum,

493 1096 652 1133 Sacrum
683 1110 855 1145 pneuma
886 1111 1025 1148 rogans
1046 1107 1084 1138 vt
1114 1113 1201 1138 mea
1231 1103 1315 1139 vela
1345 1115 1465 1152 regas.

427 1335 504 1370 Hic
529 1337 690 1370 tractat
714 1337 894 1380 qualiter
918 1340 1059 1374 status
1085 1342 1125 1374 et
1150 1342 1250 1376 ordo
1270 1344 1409 1377 mundi
1435 1344 1475 1377 in
1500 1345 1633 1380 tribus
1653 1345 1847 1381 consistit

379 1395 589 1437 gradibus,
602 1397 701 1429 sunt
719 1396 839 1435 enirn,
858 1398 906 1430 vt
919 1398 1030 1437 dicit,
1051 1398 1208 1438 Clerus,
1221 1400 1407 1440 Milicies,
1428 1403 1469 1436 et
1484 1403 1782 1446 Agricultores,
1796 1404 1847 1438 de

380 1462 551 1495 quorum
570 1464 710 1488 errore
728 1455 868 1487 mundi
887 1455 1116 1489 infortunia
1132 1458 1253 1491 nobis
1266 1459 1528 1502 contingunt.
1578 1461 1696 1496 Vnde
1714 1462 1846 1505 primo

380 1511 603 1545 videndum
622 1514 687 1546 est
705 1513 754 1546 de
774 1522 915 1546 errore
935 1514 1034 1547 cleri
1059 1516 1250 1558 precipue
1268 1517 1311 1550 in
1330 1517 1474 1551 ordine
1493 1519 1758 1561 prelatorum,
1778 1520 1848 1562 qui

380 1571 644 1613 potenciores
669 1572 765 1605 aliis
790 1571 1001 1615 existunt;
1039 1575 1081 1607 et
1108 1574 1239 1616 primo
1263 1575 1373 1609 dicet
1396 1576 1445 1609 de
1470 1578 1645 1619 prelatis
1668 1578 1752 1612 illis
1778 1578 1846 1621 qui

379 1626 506 1663 Cristi
525 1630 683 1663 scolam
698 1630 989 1672 dogmatizant
1008 1633 1051 1665 et
1070 1632 1158 1665 eius
1178 1634 1431 1667 contrarium
1451 1638 1688 1678 operantur.

855 1738 1017 1785 Incipit
1046 1739 1161 1776 liber
1189 1740 1377 1778 tercius.

284 1844 412 1891 (apuu
437 1842 459 1879 i.
578 1844 648 1875 unt
679 1838 827 1884 Clerus,
861 1837 989 1883 Miles,
1022 1838 1172 1885 Cultor,
1204 1845 1280 1877 tres
1310 1840 1409 1878 trina
1437 1848 1627 1891 gerentes,

607 1905 684 1941 Set
714 1903 770 1940 de
800 1902 995 1951 prelatis
1027 1903 1238 1941 scribere
1267 1905 1411 1942 tendo
1441 1906 1581 1955 prius.

488 1971 667 2010 Scisma
688 1975 854 2016 patens
876 1967 1020 2005 hodie
1041 1976 1273 2007 monstrat
1301 1971 1429 2019 quod
1456 1978 1565 2008 sunt
1595 1971 1688 2010 duo
1712 1983 1842 2021 pape,

486 2037 617 2072 Vnus
648 2033 958 2078 scismaticus,
990 2032 1110 2070 alter
1139 2039 1183 2071 et
1213 2034 1295 2072 ille
1326 2036 1501 2074 bonus:

488 2099 686 2138 Francia
716 2097 1042 2135 scismaticum
1072 2099 1190 2136 colit
1220 2106 1264 2136 et
1294 2101 1463 2139 statuit
1492 2101 1824 2148 venerandum,

488 2165 658 2214 Anglia
689 2170 756 2201 set
787 2169 962 2200 rectam
993 2170 1154 2201 seruat
1183 2163 1360 2213 vbique
1391 2165 1539 2203 fidem.

380 2287 439 2323 As
460 2285 616 2334 follows
646 2286 686 2322 in
718 2285 967 2330 CHGEDL,

258 2350 411 2399 =÷=(†ssl)1n‚
433 2351 454 2389 i.
542 2351 640 2388 Sunt
671 2350 820 2395 Clerus,
854 2351 982 2396 Miles,
1017 2350 1164 2396 Cultor,
1198 2358 1273 2388 tres
1304 2352 1404 2388 trina
1433 2357 1641 2399 gerentes,

490 2416 572 2453 Hic
602 2416 730 2461 docet,
764 2415 827 2451 hic
856 2422 1014 2463 pugnat,
1046 2416 1142 2452 alter
1172 2423 1209 2453 et
1238 2429 1331 2452 arua
1361 2417 1464 2453 colit.

491 2481 599 2528 Quid
631 2480 704 2517 sibi
737 2480 784 2517 sit
815 2480 952 2518 Clerus
982 2480 1108 2528 primo
1138 2480 1355 2526 videamus,
1388 2487 1426 2518 et
1456 2492 1548 2518 6666

491 2546 587 2583 Eius
618 2546 657 2582 in
689 2545 877 2593 exemplis
908 2544 983 2581 iam
1015 2551 1144 2592 stupet
1175 2546 1304 2582 omnis
1334 2546 1491 2582 humus.

489 2611 639 2648 Scisma
670 2616 807 2658 patens
838 2609 957 2646 hodie
987 2616 1177 2646 monstrat
1208 2610 1316 2658 quod
1346 2618 1436 2647 sunt
1466 2610 1547 2647 duo
1577 2622 1689 2659 pape,

488 2677 600 2712 Vnus
630 2675 884 2720 scismaticus,
916 2674 1012 2711 alter
1042 2681 1080 2711 et
1110 2674 1173 2711 ille
1205 2674 1356 2712 bonus:

380 2801 438 2837 :Is
455 2799 614 2847 follows
643 2800 683 2835 ἷκε
715 2800 823 2845 TH2,

238 2865 411 2914 “²³³(':1p¹¹¹.
433 2867 455 2903 i.
540 2866 639 2903 Sunt
669 2866 805 2910 clerus,
838 2865 960 2910 miles,
993 2864 1128 2910 cultor,
1161 2870 1237 2902 tres
1268 2864 1366 2901 trina
1395 2870 1601 2913 gerentes,

487 2931 567 2967 Hic
597 2930 725 2977 docet,
758 2930 821 2967 hic
851 2936 1008 2979 pugnat,
1040 2930 1136 2967 alter
1166 2937 1203 2967 et
1233 2941 1325 2966 arua
1355 2929 1459 2966 colit.

486 2996 594 3042 Quid
626 2995 699 3033 sibi
729 2996 778 3033 sit
808 2996 933 3033 clerus
963 2995 1090 3042 primo
1111 2995 1327 3039 videamus,
1359 3000 1396 3030 et
1426 3004 1518 3030 6666

486 3062 547 3098 1)6
577 3061 734 3110 reliquis
764 3061 918 3109 fugiens
947 3060 1121 3098 mundus
1150 3060 1311 3097 adheret
1342 3059 1407 3096 eis.

486 3126 617 3163 Primo
647 3127 815 3174 prelatos
844 3134 998 3163 constat
1028 3126 1195 3174 preferre
1226 3124 1462 3173 sequendos,

489 3191 593 3227 Nam
624 3191 684 3227 via
714 3191 922 3228 doctorum
952 3192 1079 3228 tucior
1109 3191 1172 3228 illa
1201 3191 1311 3227 soret.

419 3289 460 3320 In
480 3290 569 3328 place
586 3290 626 3328 os
643 3289 763 3328 Incipit
781 3293 853 3330 ἃς,
875 3291 901 3320 L
918 3290 979 3321 lzas
995 3289 1065 3321 ltere
1088 3290 1138 3320 tlte
1151 3290 1239 3329 four
1259 3290 1339 3319 lines
1359 3288 1430 3319 Ἀεὶ
1449 3288 1609 3318 mundum
1628 3287 1748 3326 mitto‚’
1766 3288 1841 3319 willz

372 3342 495 3381 picture
510 3342 625 3371 below:
650 3352 697 3371 see
708 3347 743 3381 p.
768 3352 818 3381 19.

420 3394 456 3429 4*
482 3393 638 3432 exempla
659 3393 688 3422 D
820 3392 958 3433 humus]
978 3395 1124 3423 mundus
1142 3393 1203 3423 DL

422 3446 476 3474 1*²³‘
502 3450 660 3484 regentes
680 3444 726 3474 H2
881 3446 938 3482 4⁹⁵*
964 3445 1096 3475 mundit
1113 3445 1141 3475 T
