2095 3173
398 238 475 278 106

868 235 997 277 VOX
1038 235 1396 276 CLAMANTIS

505 345 627 394 Ergo
656 343 774 381 meis
804 342 999 391 scriptis
1029 354 1168 391 super
1196 342 1285 380 hoc
1313 341 1600 391 vbicumque
1629 340 1849 390 legendis

505 409 608 448 Sint
640 407 762 445 bona
791 407 921 445 dicta
950 405 1100 453 bonis,
1133 414 1178 445 et
1207 407 1327 444 mala
1356 407 1520 456 linquo
1549 406 1696 443 malis.

561 475 693 512 Inter
722 472 934 521 prelatos
964 471 1072 510 dum
1103 471 1250 510 Cristi
1280 484 1426 521 quero
1456 483 1702 521 sequaces,

507 538 689 587 Regula
718 537 849 575 nulla
877 543 1045 583 manet,
1077 548 1168 586 que
1196 537 1328 585 prius
1358 549 1462 575 esse
1492 537 1626 574 solet.
1829 550 1867 571 10

506 604 692 642 Cristus
722 609 821 640 erat
850 614 1010 651 pauper,
1041 602 1112 638 illi
1142 602 1394 639 cumulantur
1423 602 1462 638 in
1493 613 1612 648 auro;

507 668 588 705 Hic
617 679 757 717 pacem
786 667 959 714 dederat,
991 667 1046 704 hii
1075 667 1215 705 modo
1243 665 1348 705 bella
1377 673 1596 706 mouent:

505 733 693 772 Cristus
723 738 822 770 erat
851 732 990 780 largus,
1023 731 1078 768 hii
1107 738 1199 769 sunt
1228 732 1334 770 velut
1363 732 1480 770 archa
1510 739 1693 777 tenaces;

506 798 631 835 Hunc
660 796 772 835 labor
801 796 955 843 inuasit,
987 796 1061 834 hos
1091 797 1200 834 fouet
1228 803 1344 834 aucta
1374 797 1512 847 quies:

505 862 692 902 Cristus
722 868 822 900 erat
851 861 971 909 mitis,
1000 861 1055 898 hii
1085 867 1177 899 sunt
1206 867 1362 899 tamen
1393 861 1674 911 impetuosi3

506 928 588 965 Hic
618 927 777 965 humilis
807 925 937 972 subiit,
969 925 1022 963 hii
1053 938 1258 975 superesse
1287 926 1449 964 volunt:

504 994 692 1033 Cristus
723 998 824 1031 erat
853 991 1094 1039 miserans,
1126 991 1179 1029 hii
1209 991 1507 1041 vindictamque
1537 998 1751 1041 sequntur;

505 1058 671 1097 Sustulit
700 1058 765 1095 hic
794 1069 928 1107 penas,
960 1057 1034 1095 hos
1062 1057 1180 1095 timor
1209 1056 1303 1095 inde
1333 1057 1463 1106 fugat:

506 1203 671 1241 Francia
700 1202 968 1240 scismaticum
998 1202 1091 1240 colit
1121 1209 1159 1240 et
1189 1201 1325 1239 statuit
1353 1202 1637 1248 venerandum,

505 1268 648 1318 Anglia
677 1267 748 1306 sed
778 1275 926 1306 rectam
956 1273 1086 1305 seruat
1115 1265 1263 1315 vbique
1293 1266 1430 1304 fidem.

506 1334 611 1383 Ergo
641 1333 738 1372 meis
769 1333 922 1382 scriptis
953 1344 1070 1381 super
1099 1332 1176 1369 hoc
1205 1331 1448 1381 vbieumque
1476 1331 1653 1381 legendis

506 1399 593 1437 Sint
623 1397 729 1436 bona
757 1398 863 1435 dicta
893 1397 1020 1444 bonis,
1053 1404 1091 1435 et
1121 1397 1224 1434 mala
1253 1396 1391 1445 linquo
1420 1397 1544 1435 malis.
1809 1409 1846 1431 10

561 1463 735 1501 Delicias
765 1462 904 1500 mundi
935 1469 1053 1512 negat
1083 1462 1213 1500 omnis
1242 1462 1376 1511 regula
1406 1462 1536 1509 Cristi‚

506 1528 586 1566 Sed
616 1528 739 1566 modo
769 1527 907 1577 prelati
938 1527 1233 1576 preuaricantur
1262 1526 1329 1564 ibi.

507 1593 659 1632 Cristus
689 1599 770 1632 erat
799 1604 959 1642 pauper,
992 1592 1046 1629 illi
1077 1592 1327 1629 cumulantur
1356 1592 1396 1630 in
1425 1604 1521 1630 auro
1536 1605 1547 1639 ;

509 1658 591 1696 Hic
620 1658 780 1695 humilis
810 1657 941 1704 subiit,
973 1657 1027 1694 hii
1058 1668 1262 1705 superesse
1291 1657 1455 1694 volunt:

509 1723 660 1762 Cristus
690 1729 772 1761 erat
802 1723 918 1768 mitis,
951 1722 1023 1759 hos
1053 1734 1200 1770 pompa
1229 1720 1406 1770 superbit
1435 1721 1563 1759 inanis
1579 1735 1589 1769 3

511 1789 596 1826 Hic
626 1800 766 1838 pacem
797 1788 972 1834 dederat,
1005 1787 1058 1823 hii
1089 1787 1212 1824 modo
1241 1785 1345 1825 bella
1373 1787 1528 1826 ferunt:

509 1854 662 1893 Cristus
691 1861 772 1892 erat
802 1853 1004 1899 miserans,
1036 1852 1090 1889 hii
1120 1852 1417 1902 vindictamque
1445 1859 1661 1902 sequntur;

510 1920 664 1958 Mulcet
694 1931 786 1958 eum
816 1919 953 1968 pietas,
985 1918 1059 1956 hos
1088 1924 1224 1956 mouet
1254 1917 1310 1956 ira
1338 1918 1548 1968 frequens:

512 2063 720 2113 Morigeris
750 2063 879 2102 verbis
904 2063 1033 2101 modo
1063 2069 1154 2101 sunt
1184 2075 1304 2112 quam
1334 2063 1445 2112 plura
1474 2062 1677 2110 docentes,

513 2128 634 2165 Facta
663 2134 798 2166 tamen
829 2128 946 2166 dictis
976 2128 1138 2165 dissona
1166 2139 1286 2165 cerno
1315 2127 1406 2165 suis.

514 2193 606 2241 Ipse
637 2192 778 2230 Ihesus
809 2193 937 2230 facere
967 2191 1071 2230 bene
1099 2191 1216 2240 cepit,
1248 2198 1418 2240 postque
1447 2191 1602 2238 docere,

515 2257 583 2295 Set
612 2257 736 2295 modo
765 2257 922 2306 prelatis
953 2269 1034 2294 non
1064 2263 1198 2294 manet
1227 2256 1292 2293 ille
1322 2256 1478 2294 modus.
1785 2255 1872 2294 10**

515 2322 589 2360 Ille
617 2322 689 2360 fuit
717 2334 876 2371 pauper,
908 2321 971 2359 isti
1001 2320 1252 2358 cumulantur
1280 2321 1320 2357 in
1348 2332 1468 2368 auro,

516 2388 598 2425 Hic
626 2399 767 2437 pacem
797 2387 971 2434 dederat,
1003 2386 1058 2423 hii
1088 2398 1249 2436 quoque
1277 2385 1381 2424 bella
1410 2386 1568 2424 ferunt:

516 2452 589 2490 Ille
618 2452 689 2490 fuit
719 2452 858 2501 largus,
891 2451 945 2488 hii
975 2457 1067 2489 sunt
1094 2451 1202 2489 velut
1229 2450 1348 2488 archa
1376 2456 1534 2488 tenaces
1550 2464 1560 2498 3

517 2519 642 2555 Hunc
671 2516 782 2557 lahor
811 2517 965 2564 inuasit,
997 2517 1070 2554 hos
1098 2516 1207 2554 fouet
1235 2523 1351 2553 aucta
1379 2516 1518 2565 quies:

518 2583 592 2621 Ille
620 2583 692 2620 fuit
721 2583 837 2630 mitis,
870 2582 925 2620 hii
954 2589 1046 2620 sunt
1075 2581 1198 2630 magis
1227 2581 1317 2630 igne
1346 2581 1545 2629 furentes,

518 2648 600 2685 Hic
629 2648 789 2686 humilis
819 2647 949 2695 subiit,
981 2647 1036 2684 hii
1065 2658 1269 2696 superesse
1299 2646 1459 2685 volunt:

519 2713 592 2751 Ille
621 2713 803 2751 misertus
832 2720 924 2759 erat,
955 2712 1009 2750 hii
1039 2712 1334 2760 vindictamque
1363 2718 1578 2761 sequntur3

518 2777 682 2815 Sustulit
711 2777 776 2815 hic
805 2790 938 2827 penas,
970 2777 1043 2814 hos
1073 2777 1189 2814 timor
1217 2775 1311 2814 inde
1340 2776 1471 2825 fugat:

915 2882 974 2913 18*
998 2881 1093 2923 eum]
1110 2881 1142 2914 ei
1160 2881 1190 2913 D
1236 2881 1330 2913 enim
1349 2881 1376 2912 L
