2095 3173
393 227 475 267 254

867 211 999 253 VOX
1039 210 1401 252 CLAMANTIS

505 323 616 360 Mors
647 327 685 359 et
713 321 793 358 vita
821 320 897 357 tuis
927 318 1111 356 manibus
1141 318 1191 356 de
1220 318 1306 367 lege
1335 317 1520 363 feruntur,

504 386 700 425 Prouidus
730 385 770 422 in
800 383 928 421 causis
957 390 996 421 te
1025 383 1142 421 decet
1170 395 1257 421 esse
1286 383 1434 432 magis:

506 452 627 491 Nulla
655 449 803 499 cupido
833 455 942 486 tuam
972 449 1099 487 valeat
1128 460 1380 498 corrumpere
1409 447 1567 494 famam,

505 518 637 555 Immo
666 515 743 553 tuis
772 514 889 553 donis
918 514 1088 564 gaudeat
1117 514 1248 552 omnis
1277 514 1435 551 humus.

505 584 650 621 Seruus
678 580 848 618 auaricie
877 592 959 618 non
989 578 1109 618 debet
1138 579 1283 618 nobilis
1312 590 1398 617 esse

505 649 604 694 Rex,
636 652 694 684 set
723 645 795 684 erit
824 645 923 694 regis
952 643 1051 683 liber
1080 644 1226 695 vbique
1256 650 1393 682 status.
1805 649 1871 678 810

559 714 685 761 Larga
712 711 790 749 tuis
819 711 967 748 meritis
996 710 1136 760 inopes
1165 711 1381 749 elemosina
1409 716 1530 757 curet,

505 780 597 828 Qua
626 777 772 827 poteris
801 788 936 825 regem
966 776 1174 826 pacificare
1203 777 1348 816 deum:

505 845 585 882 Fac
615 843 722 882 bona
751 853 910 892 queque
939 848 1052 891 potes
1081 842 1242 880 modico
1271 842 1368 880 dum
1397 848 1576 890 tempore
1605 840 1733 888 viuis3

506 909 637 947 Multa
665 915 802 955 metes,
835 908 867 945 si
897 919 1005 944 nunc
1034 907 1186 945 semina
1214 919 1342 956 pauca
1371 906 1477 944 seris.

507 977 570 1013 Da
599 980 667 1012 tua
695 985 777 1011 non
807 984 934 1022 parce,
965 972 1027 1010 cui
1059 972 1130 1011 des
1159 981 1293 1010 tamen
1321 971 1454 1021 aspice
1483 978 1598 1009 caute
1614 985 1624 1018 3

507 1039 651 1088 Crede,
681 1039 773 1077 satis
802 1051 862 1077 res
892 1044 951 1076 est
980 1037 1184 1088 ingeniosa
1214 1037 1328 1076 dare:

507 1106 601 1144 Non
630 1098 730 1155 perit
758 1105 833 1143 hec
861 1103 1036 1154 probitas
1066 1116 1145 1154 que
1173 1104 1281 1142 dona
1309 1102 1491 1153 rependit
1519 1102 1699 1149 honeste,

508 1171 695 1221 Namque
723 1170 830 1220 piam
860 1169 1019 1207 laudem
1049 1182 1110 1208 res
1139 1169 1232 1207 data
1261 1169 1392 1207 dantis
1421 1167 1553 1206 habet.

507 1238 609 1287 Sepe
638 1236 758 1283 iuuat,
790 1247 865 1273 nec
895 1247 943 1273 eo
972 1235 1102 1273 minor
1130 1242 1189 1273 est
1218 1234 1445 1273 substancia
1473 1234 1597 1284 ponti,

507 1303 589 1352 Qui
618 1302 819 1340 modicam
850 1301 969 1351 pleno
999 1301 1162 1340 flumine
1191 1301 1312 1339 sumit
1341 1313 1511 1350 aquam:
1808 1304 1873 1335 820

508 1368 572 1406 Sic
601 1375 668 1405 tua
696 1367 769 1405 rite
797 1367 907 1404 iuuet
937 1366 1100 1405 miseros
1129 1367 1347 1405 elemosina
1377 1373 1543 1415 sumpta,

509 1433 595 1471 Nec
624 1432 696 1470 erit
724 1432 874 1481 argenti
903 1431 959 1469 sic
988 1438 1055 1469 tua
1084 1444 1239 1469 summa
1268 1432 1409 1470 minor.

509 1498 550 1536 Si
579 1497 667 1547 quis
696 1508 830 1534 amore
859 1496 922 1535 dei
953 1497 1103 1535 miseris
1133 1509 1203 1534 sua
1232 1497 1340 1535 dona
1367 1496 1572 1541 ministrat,

508 1565 681 1602 Munera
708 1569 865 1612 tempus
895 1560 1055 1609 habent,
1087 1562 1191 1600 fama
1219 1563 1433 1612 perhennis
1462 1562 1544 1599 erit.

511 1628 751 1667 Scindantur
778 1634 917 1674 vestes,
947 1639 1103 1677 gemme
1132 1627 1359 1677 frangantur
1387 1634 1426 1666 et
1455 1638 1605 1672 aurum,

509 1693 669 1743 Porrige
697 1691 937 1741 pauperibus
967 1705 1045 1742 que
1075 1693 1186 1731 dedit
1215 1699 1307 1731 ante
1334 1693 1446 1731 deus.

510 1759 582 1797 Est
610 1758 752 1796 ancilla
781 1757 846 1795 dei
875 1757 1041 1806 simplex
1069 1757 1297 1805 elemosina,
1328 1757 1465 1796 mortis

510 1824 762 1870 Antitodum‚
793 1822 908 1861 venie
937 1830 1061 1872 porta,
1093 1823 1228 1861 salutis
1258 1823 1356 1862 iter:

511 1889 698 1939 Disputat
727 1888 917 1927 aduersus
947 1888 1078 1927 dantis
1107 1896 1280 1939 peccata,
1312 1895 1467 1938 perorat

510 1955 686 2001 Auctori,
717 1954 875 1992 redimit
903 1953 1058 2003 probra,
1090 1961 1270 2004 precatur
1299 1967 1429 2005 opem.
1808 1960 1875 2001 830

511 2022 725 2059 Peccatum
755 2033 861 2058 mors
891 2026 949 2058 est
977 2021 1120 2068 anime,
1154 2033 1259 2059 mors
1289 2020 1424 2059 debita
1454 2033 1557 2069 pena

512 2087 695 2132 Peccato,
727 2092 786 2123 set
815 2086 856 2123 in
885 2086 962 2123 hoc
992 2098 1106 2124 mens
1136 2086 1200 2136 pia
1229 2086 1336 2125 delet
1365 2099 1465 2125 eam.

567 2150 684 2188 Absit
713 2150 829 2199 culpa
857 2150 947 2199 gule
976 2149 1058 2197 tibi,
1090 2163 1167 2198 rex,
1200 2164 1293 2188 nam
1323 2152 1423 2201 regis
1452 2151 1639 2189 honestas

513 2215 656 2255 Omnis
685 2215 889 2253 mundicie
918 2215 1039 2253 debet
1068 2216 1220 2254 honore
1249 2216 1349 2255 frui:

515 2281 621 2319 Illud
650 2280 757 2318 enirn
786 2280 930 2318 vicium
961 2280 1184 2329 primeuum
1213 2279 1303 2319 labe
1332 2288 1535 2331 parentem
1575 2283 1585 2291 ⁴

514 2345 772 2395 Dampnauit,
802 2345 945 2394 fragilis
974 2357 1054 2394 quo
1083 2345 1189 2383 cadit
1217 2346 1302 2395 ipse
1330 2358 1441 2385 reus:

515 2411 657 2450 Hostis
687 2411 727 2449 in
756 2410 834 2448 hoc
862 2410 964 2448 vicio
993 2410 1166 2450 Cristum
1197 2412 1417 2466 temptauit,
1449 2418 1487 2450 et
1517 2411 1611 2461 ipse,

515 2477 597 2526 Qui
626 2489 692 2515 rex
722 2483 781 2514 est
809 2488 934 2520 verus,
964 2476 1111 2525 respuit
1141 2476 1238 2514 illud
1266 2468 1392 2526 opus:

517 2543 624 2580 Ecce
653 2541 746 2579 Saiil
774 2553 949 2591 pugnare
977 2542 1114 2580 volens
1143 2541 1289 2579 ieiunia
1316 2542 1469 2580 cunctis

518 2607 726 2656 Imposuit,
758 2606 889 2645 donec
918 2607 1070 2645 hostica
1098 2607 1175 2645 tela
1203 2606 1351 2645 domet.
1811 2614 1876 2654 840

518 2674 618 2719 Rex,
649 2671 720 2710 tibi
749 2673 950 2722 pigriciem
981 2674 1103 2723 pellas
1132 2679 1171 2712 et
1200 2673 1374 2711 motibus
1403 2673 1519 2712 obsta

517 2737 669 2784 Carnis,
701 2743 740 2775 et
767 2737 819 2775 ad
848 2750 978 2776 mores
1006 2738 1132 2787 arripe
1160 2738 1269 2776 fortis
1298 2738 1396 2778 iter:

520 2802 670 2852 Regius
699 2808 821 2851 vtque
850 2808 973 2840 status
1002 2802 1161 2852 plebem
1191 2804 1458 2852 supereminet
1487 2816 1661 2851 omnem,

521 2866 679 2907 Nobilis
709 2867 749 2905 in
777 2875 890 2918 gestu
920 2868 976 2906 sic
1005 2869 1128 2918 magis
1157 2868 1222 2907 ille
1250 2868 1361 2907 foret.
