2095 3173
424 218 504 244 222
892 203 1022 244 VOX
1064 201 1424 244 CLAMANTIS

532 312 642 349 Dum
672 311 794 348 Fraus
824 321 997 358 namque
1026 315 1139 346 vetus
1168 309 1374 357 componit
1403 308 1522 347 verba
1551 308 1700 355 dolosa,

533 377 875 415 Incircurnventus
906 374 1035 411 nullus
1064 373 1172 410 abire
1201 380 1354 422 potest:

531 442 572 480 Si
601 441 758 490 sapiens
788 440 916 486 intrat,
949 440 1070 476 Fraus
1100 445 1158 476 est
1188 438 1408 488 sapiencior
1436 438 1514 485 illo,

533 508 584 545 Et
615 507 645 544 si
677 506 817 543 stultus
848 505 928 552 init,
962 504 1122 542 stulcior
1152 504 1245 542 inde
1275 504 1388 542 redit.

584 572 650 609 Ad
679 571 855 620 precium
885 571 1050 620 duplum
1082 571 1203 608 Fraus
1233 570 1345 619 ponit
1374 570 1536 619 singula,
1568 569 1705 608 dicens

530 637 605 684 Sic,
641 639 649 655 ‘
667 637 728 674 Ita
758 636 928 674 Parisius
959 635 1142 673 Flandria
1173 636 1255 673 siue
1285 635 1421 674 dedit!

532 702 656 751 Quod
686 702 816 739 minus
847 707 905 739 est
935 701 975 738 in
1005 713 1045 738 re
1075 701 1231 750 suplent
1261 700 1435 738 iurancia
1463 699 1594 747 verba,

531 768 697 817 Propter
726 767 933 805 denarium
963 767 1140 804 vulnerat
1170 766 1254 815 ipsa
1283 766 1403 804 deum
1419 780 1429 813 5
1829 769 1895 812 760

531 834 636 871 Nam
667 832 788 870 nichil
817 832 857 869 in
889 832 1018 871 Cristo
1049 830 1318 869 membrorum
1348 838 1442 868 tunc
1471 830 1703 878 remanebit,

532 900 641 936 Dum
672 898 901 936 iuramentis
933 899 1053 935 Fraus
1084 909 1154 934 sua
1183 896 1292 934 lucra
1321 896 1430 945 petit.

532 965 625 1002 Hac
654 971 712 1002 set
741 964 781 1001 in
810 970 892 1002 arte
921 970 1054 1000 tamen
1085 975 1157 1000 nos
1187 974 1281 1011 sepe
1311 961 1452 999 domos
1482 961 1564 998 fore
1594 961 1731 1010 plenas

531 1030 754 1076 Cernimus,
787 1036 824 1068 et
853 1029 1055 1079 proprium
1086 1028 1141 1065 nil
1171 1028 1315 1066 domus
1345 1027 1429 1076 ipsa
1458 1033 1593 1064 tenet:

531 1096 676 1145 Sicque
705 1108 774 1145 per
802 1095 1013 1145 ypocrisim
1043 1094 1141 1132 ciuis
1170 1093 1359 1143 perquirit
1388 1093 1593 1140 honorem,

531 1161 626 1209 Quo
654 1160 859 1211 genuflexa
888 1160 1025 1210 procul
1054 1159 1165 1209 plebs
1196 1158 1390 1196 valedicat
1419 1157 1482 1195 ei:

531 1226 689 1264 Accidit
716 1226 821 1264 vnde
851 1226 924 1264 sibi
952 1226 1063 1276 quasi
1092 1225 1226 1263 furtim
1255 1224 1380 1262 maior
1409 1230 1448 1261 vt
1478 1223 1562 1272 ipse

532 1293 647 1330 Astat
677 1292 717 1329 in
745 1292 841 1330 vrbe
870 1304 951 1338 sua,
983 1291 1051 1341 qui
1080 1291 1210 1329 minor
1238 1289 1427 1328 omnibus
1457 1296 1528 1327 est.

532 1358 600 1396 Set
629 1370 720 1395 cum
749 1364 906 1407 ternpus
936 1357 1007 1396 erit
1035 1369 1115 1406 quo
1146 1356 1298 1406 singula
1327 1355 1434 1393 nuda
1463 1353 1667 1403 patebunt,

533 1423 721 1462 Dedecus
750 1424 891 1461 euertit
920 1423 1030 1472 quod
1059 1423 1181 1460 decus
1209 1428 1302 1459 ante
1330 1421 1427 1468 fuit3
1833 1431 1896 1467 770

534 1489 639 1526 Nam
668 1501 759 1526 cum
790 1488 958 1537 quisque
989 1500 1104 1525 suum
1134 1487 1285 1536 repetit,
1317 1493 1412 1524 tunc
1441 1497 1584 1523 coruus
1615 1484 1782 1522 amictus

533 1554 705 1592 Alterius
735 1554 876 1603 pennis
906 1554 1036 1591 nudus
1066 1560 1105 1591 vt
1134 1560 1226 1591 ante
1254 1552 1370 1590 volat.

588 1620 709 1657 Fraus
739 1626 777 1657 et
805 1619 856 1657 ab
885 1618 980 1657 vrbe
1007 1619 1115 1657 venit
1144 1625 1383 1667 campestres
1414 1628 1577 1665 querere
1605 1615 1727 1662 lanas,

533 1684 595 1722 Ex
624 1683 767 1734 quibus
797 1684 837 1721 in
867 1685 1019 1733 stapula
1049 1690 1137 1733 post
1166 1690 1275 1733 parat
1303 1689 1390 1720 acta
1420 1694 1502 1720 sua.

533 1750 742 1799 Numquid
772 1749 862 1787 vina
891 1749 989 1799 petit
1019 1750 1139 1786 Fraus
1170 1761 1248 1798 que
1277 1747 1477 1786 Vasconia
1506 1746 1659 1796 gignit?

534 1817 629 1854 Hoc
659 1815 798 1853 dicunt
826 1814 963 1864 populi
992 1815 1063 1853 rite
1093 1825 1237 1852 nocere
1266 1812 1368 1851 sibi:

532 1881 655 1919 Fraus
684 1886 819 1918 manet
848 1880 888 1917 in
918 1880 1046 1924 doleo,
1077 1880 1194 1917 trahit
1223 1886 1260 1917 et
1289 1878 1371 1916 vult
1400 1877 1571 1915 vendere
1599 1877 1748 1924 vinum,

532 1946 716 1996 Sepeque
746 1945 797 1984 de
825 1946 945 1983 veteri
975 1945 1135 1983 conficit
1164 1945 1249 1994 ipsa
1278 1956 1441 1982 nouum.

533 2012 655 2050 Fraus
685 2012 810 2049 eciam
840 2023 993 2060 pannos
1024 2011 1180 2057 vendet,
1211 2022 1312 2059 quos
1341 2009 1491 2047 lumine
1520 2008 1631 2046 fusco

533 2077 706 2116 Cernere
735 2083 773 2115 te
802 2077 928 2123 faciet,
960 2083 1002 2113 tu
1032 2077 1155 2125 magis
1185 2076 1279 2113 inde
1308 2087 1429 2113 caue:
1834 2078 1896 2120 780

533 2143 743 2180 Discernat
771 2149 908 2189 tactus,
940 2141 1005 2179 vbi
1035 2141 1175 2178 fallunt
1204 2141 1354 2178 lumina
1382 2140 1499 2187 visus,

532 2205 597 2242 Ne
626 2211 664 2242 te
694 2204 915 2253 pannificus
944 2203 1096 2241 fraudet
1126 2204 1165 2240 in
1194 2210 1275 2240 arte
1305 2203 1430 2240 dolus.

532 2269 648 2307 Absit
678 2270 786 2307 enim
816 2269 967 2318 species
997 2269 1084 2318 quis
1114 2268 1258 2306 vendat
1289 2268 1443 2305 Fraude
1473 2273 1653 2316 negante,

534 2336 724 2384 Dumque
754 2335 832 2372 suis
862 2334 992 2372 mixtis
1020 2335 1088 2372 dat
1116 2340 1289 2371 veterata
1318 2333 1433 2370 nouis
1448 2346 1458 2379 ;

534 2400 718 2438 Decimat
748 2400 787 2437 in
817 2400 929 2437 lance
959 2399 1044 2445 sibi,
1076 2405 1226 2448 partem
1256 2410 1428 2447 sepeque
1457 2403 1607 2435 sextam

532 2465 715 2503 Pondere
744 2463 878 2503 subtili
910 2465 1031 2502 Fraus
1059 2463 1164 2513 capit
1193 2463 1277 2512 ipsa
1306 2462 1391 2500 sibi.

467 2598 547 2634 Hic
564 2599 749 2643 loquitur
765 2599 944 2634 vlterius
961 2598 1165 2643 quomodo
1184 2598 1315 2632 Fraus
1333 2597 1503 2641 singula
1522 2597 1703 2632 artificia
1725 2606 1890 2631 necnon

424 2659 467 2693 et
482 2658 600 2692 vrbis
617 2658 821 2693 victualia
837 2659 1072 2702 Vbicunque
1091 2668 1169 2692 sua
1186 2656 1327 2691 subtili
1345 2656 1629 2700 disposicione
1647 2656 1866 2700 gubernat.

259 2737 387 2788 Capm.
411 2738 503 2776 xiiii.
586 2738 740 2776 Nolunt
769 2739 937 2776 artifices
969 2737 1132 2776 Fraudis
1161 2737 1363 2786 deponere
1391 2736 1507 2786 leges,

464 2822 526 2853 775
559 2814 666 2853 gignit
684 2814 806 2844 CEDL
853 2814 989 2854 gingnit
1014 2814 1074 2845 SH
1259 2813 1321 2852 785
1353 2812 1418 2844 sibi
1437 2812 1585 2844 SEHHz
1645 2812 1737 2843 fraus
1760 2811 1886 2843 CGDL

421 2867 484 2907 786
517 2867 608 2898 fraus
625 2866 714 2906 capit
732 2863 880 2898 SEHH2
925 2866 1064 2906 surripit
1081 2865 1205 2897 CGDL
