<?xml version="1.0" encoding="UTF-8"?>
<!DOCTYPE html PUBLIC "-//W3C//DTD XHTML 1.0 Transitional//EN"
    "http://www.w3.org/TR/xhtml1/DTD/xhtml1-transitional.dtd">
<html xmlns="http://www.w3.org/1999/xhtml" xml:lang="en" lang="en">
 <head>
  <title>
</title>
<meta http-equiv="Content-Type" content="text/html;charset=utf-8" />
  <meta name='ocr-system' content='tesseract 3.04.00' />
  <meta name='ocr-capabilities' content='ocr_page ocr_carea ocr_par ocr_line ocrx_word'/>
</head>
<body>
  <div class='ocr_page' id='page_1' title='image "./completeworksofj04gowe_0340.png"; bbox 0 0 2095 3173; ppageno 0'>
   <div class='ocr_carea' id='block_1_1' title="bbox 402 244 483 294">
    <p class='ocr_par' dir='ltr' id='par_1_1' title="bbox 402 244 483 294">
     <span class='ocr_line' id='line_1_1' title="bbox 402 244 483 294; baseline 0 -13"><span class='ocrx_word' id='word_1_1' title='bbox 402 244 483 294; x_wconf 84' lang='lat'>236</span> 
     </span>
    </p>
   </div>
   <div class='ocr_carea' id='block_1_2' title="bbox 873 238 1402 280">
    <p class='ocr_par' dir='ltr' id='par_1_2' title="bbox 873 238 1402 280">
     <span class='ocr_line' id='line_1_2' title="bbox 873 238 1402 280; baseline -0.004 0"><span class='ocrx_word' id='word_1_2' title='bbox 873 240 1003 280; x_wconf 85' lang='lat' dir='ltr'>VOX</span> <span class='ocrx_word' id='word_1_3' title='bbox 1044 238 1402 280; x_wconf 87' lang='lat' dir='ltr'><strong>CLAMANTIS</strong></span> 
     </span>
    </p>
   </div>
   <div class='ocr_carea' id='block_1_3' title="bbox 513 345 1692 2286">
    <p class='ocr_par' dir='ltr' id='par_1_3' title="bbox 513 345 1429 460">
     <span class='ocr_line' id='line_1_3' title="bbox 513 345 1429 395; baseline -0.004 -9"><span class='ocrx_word' id='word_1_4' title='bbox 513 348 638 386; x_wconf 88' lang='lat' dir='ltr'>Miror</span> <span class='ocrx_word' id='word_1_5' title='bbox 666 359 726 395; x_wconf 88' lang='lat' dir='ltr'>eo,</span> <span class='ocrx_word' id='word_1_6' title='bbox 757 358 895 384; x_wconf 83' lang='lat' dir='ltr'>causas</span> <span class='ocrx_word' id='word_1_7' title='bbox 925 346 1089 395; x_wconf 88' lang='lat' dir='ltr'>inopum</span> <span class='ocrx_word' id='word_1_8' title='bbox 1119 345 1187 394; x_wconf 90' lang='lat' dir='ltr'>qui</span> <span class='ocrx_word' id='word_1_9' title='bbox 1216 345 1301 394; x_wconf 87' lang='lat' dir='ltr'>lege</span> <span class='ocrx_word' id='word_1_10' title='bbox 1330 345 1429 383; x_wconf 89' lang='lat' dir='ltr'>tueri</span> 
     </span>
     <span class='ocr_line' id='line_1_4' title="bbox 513 411 1371 460; baseline -0.005 -9"><span class='ocrx_word' id='word_1_11' title='bbox 513 412 699 459; x_wconf 90' lang='lat' dir='ltr'>Deberet,</span> <span class='ocrx_word' id='word_1_12' title='bbox 729 411 851 449; x_wconf 90' lang='lat' dir='ltr'>cicius</span> <span class='ocrx_word' id='word_1_13' title='bbox 880 417 1065 460; x_wconf 85' lang='lat' dir='ltr'>aggrauat</span> <span class='ocrx_word' id='word_1_14' title='bbox 1093 416 1231 448; x_wconf 88' lang='lat' dir='ltr'>auctor</span> <span class='ocrx_word' id='word_1_15' title='bbox 1259 422 1371 459; x_wconf 88' lang='lat' dir='ltr'>opus.</span> 
     </span>
    </p>

    <p class='ocr_par' dir='ltr' id='par_1_4' title="bbox 513 474 1692 2017">
     <span class='ocr_line' id='line_1_5' title="bbox 567 474 1692 526; baseline -0.003 -11"><span class='ocrx_word' id='word_1_16' title='bbox 567 477 760 526; x_wconf 85' lang='lat' dir='ltr'>Sompnia</span> <span class='ocrx_word' id='word_1_17' title='bbox 787 475 1017 525; x_wconf 80' lang='lat' dir='ltr'>perturbant</span> <span class='ocrx_word' id='word_1_18' title='bbox 1046 487 1166 524; x_wconf 89' lang='lat' dir='ltr'>quam</span> <span class='ocrx_word' id='word_1_19' title='bbox 1196 487 1290 524; x_wconf 84' lang='lat' dir='ltr'><strong>sepe</strong></span> <span class='ocrx_word' id='word_1_20' title='bbox 1318 475 1421 513; x_wconf 91' lang='lat' dir='ltr'>viros</span> <span class='ocrx_word' id='word_1_21' title='bbox 1451 474 1535 513; x_wconf 92' lang='lat' dir='ltr'>sine</span> <span class='ocrx_word' id='word_1_22' title='bbox 1563 486 1692 522; x_wconf 88' lang='lat' dir='ltr'>causa,</span> 
     </span>
     <span class='ocr_line' id='line_1_6' title="bbox 514 540 1353 590; baseline -0.005 -9"><span class='ocrx_word' id='word_1_23' title='bbox 514 543 608 581; x_wconf 90' lang='lat' dir='ltr'>Non</span> <span class='ocrx_word' id='word_1_24' title='bbox 637 555 696 580; x_wconf 90' lang='lat' dir='ltr'>res</span> <span class='ocrx_word' id='word_1_25' title='bbox 727 548 785 580; x_wconf 90' lang='lat' dir='ltr'>set</span> <span class='ocrx_word' id='word_1_26' title='bbox 814 553 984 590; x_wconf 89' lang='lat' dir='ltr'>sompno</span> <span class='ocrx_word' id='word_1_27' title='bbox 1012 541 1094 578; x_wconf 90' lang='lat' dir='ltr'>visa</span> <span class='ocrx_word' id='word_1_28' title='bbox 1123 541 1245 590; x_wconf 88' lang='lat' dir='ltr'>figura</span> <span class='ocrx_word' id='word_1_29' title='bbox 1273 540 1327 579; x_wconf 90' lang='lat' dir='ltr'>rei</span> <span class='ocrx_word' id='word_1_30' title='bbox 1342 554 1353 589; x_wconf 80' lang='lat'>3</span> 
     </span>
     <span class='ocr_line' id='line_1_7' title="bbox 513 605 1568 655; baseline -0.002 -10"><span class='ocrx_word' id='word_1_31' title='bbox 513 608 576 646; x_wconf 86' lang='lat' dir='ltr'>Sic</span> <span class='ocrx_word' id='word_1_32' title='bbox 605 607 675 645; x_wconf 86' lang='lat' dir='ltr'>tibi</span> <span class='ocrx_word' id='word_1_33' title='bbox 705 607 927 645; x_wconf 83' lang='lat' dir='ltr'>causidicus</span> <span class='ocrx_word' id='word_1_34' title='bbox 958 606 1110 655; x_wconf 85' lang='lat' dir='ltr'>fingens</span> <span class='ocrx_word' id='word_1_35' title='bbox 1141 618 1260 655; x_wconf 85' lang='lat' dir='ltr'>quarn</span> <span class='ocrx_word' id='word_1_36' title='bbox 1291 617 1384 655; x_wconf 84' lang='lat' dir='ltr'><strong>sepe</strong></span> <span class='ocrx_word' id='word_1_37' title='bbox 1413 605 1568 655; x_wconf 89' lang='lat' dir='ltr'>pericla,</span> 
     </span>
     <span class='ocr_line' id='line_1_8' title="bbox 514 670 1375 722; baseline -0.002 -11"><span class='ocrx_word' id='word_1_38' title='bbox 514 674 586 711; x_wconf 87' lang='lat' dir='ltr'>Est</span> <span class='ocrx_word' id='word_1_39' title='bbox 614 672 679 711; x_wconf 89' lang='lat' dir='ltr'>vbi</span> <span class='ocrx_word' id='word_1_40' title='bbox 709 673 796 722; x_wconf 89' lang='lat' dir='ltr'>plus</span> <span class='ocrx_word' id='word_1_41' title='bbox 825 678 987 719; x_wconf 89' lang='lat' dir='ltr'>rectum,</span> <span class='ocrx_word' id='word_1_42' title='bbox 1019 670 1252 709; x_wconf 86' lang='lat' dir='ltr'>diuaricabit</span> <span class='ocrx_word' id='word_1_43' title='bbox 1280 671 1375 709; x_wconf 88' lang='lat' dir='ltr'>iter:</span> 
     </span>
     <span class='ocr_line' id='line_1_9' title="bbox 516 736 1571 787; baseline -0.001 -11"><span class='ocrx_word' id='word_1_44' title='bbox 516 739 659 777; x_wconf 88' lang='lat' dir='ltr'>Mente</span> <span class='ocrx_word' id='word_1_45' title='bbox 688 738 759 776; x_wconf 89' lang='lat' dir='ltr'>tibi</span> <span class='ocrx_word' id='word_1_46' title='bbox 789 737 963 787; x_wconf 90' lang='lat' dir='ltr'>loquitur</span> <span class='ocrx_word' id='word_1_47' title='bbox 992 736 1126 784; x_wconf 88' lang='lat' dir='ltr'>dubia,</span> <span class='ocrx_word' id='word_1_48' title='bbox 1158 749 1251 773; x_wconf 88' lang='lat' dir='ltr'>nam</span> <span class='ocrx_word' id='word_1_49' title='bbox 1281 748 1402 774; x_wconf 92' lang='lat' dir='ltr'>nemo</span> <span class='ocrx_word' id='word_1_50' title='bbox 1431 736 1571 775; x_wconf 86' lang='lat' dir='ltr'>dolose</span> 
     </span>
     <span class='ocr_line' id='line_1_10' title="bbox 513 801 1336 850; baseline -0.004 -9"><span class='ocrx_word' id='word_1_51' title='bbox 513 804 664 842; x_wconf 90' lang='lat' dir='ltr'>Mentis</span> <span class='ocrx_word' id='word_1_52' title='bbox 694 803 840 841; x_wconf 89' lang='lat' dir='ltr'>securis</span> <span class='ocrx_word' id='word_1_53' title='bbox 871 801 1035 840; x_wconf 89' lang='lat' dir='ltr'>vocibus</span> <span class='ocrx_word' id='word_1_54' title='bbox 1065 813 1152 839; x_wconf 90' lang='lat' dir='ltr'>esse</span> <span class='ocrx_word' id='word_1_55' title='bbox 1180 807 1336 850; x_wconf 82' lang='lat' dir='ltr'>potest;</span> 
     </span>
     <span class='ocr_line' id='line_1_11' title="bbox 515 858 1460 917; baseline -0.003 -11"><span class='ocrx_word' id='word_1_56' title='bbox 515 869 684 917; x_wconf 84' lang='lat' dir='ltr'>Questio</span> <span class='ocrx_word' id='word_1_57' title='bbox 713 858 900 917; x_wconf 74' lang='lat' dir='ltr'><strong>precedit,</strong></span> <span class='ocrx_word' id='word_1_58' title='bbox 932 867 1133 905; x_wconf 86' lang='lat' dir='ltr'>racionem</span> <span class='ocrx_word' id='word_1_59' title='bbox 1163 866 1295 904; x_wconf 85' lang='lat' dir='ltr'>fallere</span> <span class='ocrx_word' id='word_1_60' title='bbox 1325 866 1460 916; x_wconf 87' lang='lat' dir='ltr'>pergit,</span> 
     </span>
     <span class='ocr_line' id='line_1_12' title="bbox 515 930 1409 984; baseline -0.003 -12"><span class='ocrx_word' id='word_1_61' title='bbox 515 935 579 972; x_wconf 91' lang='lat' dir='ltr'>De</span> <span class='ocrx_word' id='word_1_62' title='bbox 608 946 688 984; x_wconf 92' lang='lat' dir='ltr'>quo</span> <span class='ocrx_word' id='word_1_63' title='bbox 718 946 800 971; x_wconf 89' lang='lat' dir='ltr'>non</span> <span class='ocrx_word' id='word_1_64' title='bbox 829 932 985 972; x_wconf 88' lang='lat' dir='ltr'>dubitat</span> <span class='ocrx_word' id='word_1_65' title='bbox 1014 938 1053 970; x_wconf 90' lang='lat' dir='ltr'>te</span> <span class='ocrx_word' id='word_1_66' title='bbox 1082 930 1265 970; x_wconf 88' lang='lat' dir='ltr'>dubitare</span> <span class='ocrx_word' id='word_1_67' title='bbox 1293 932 1409 969; x_wconf 87' lang='lat' dir='ltr'>facit:</span> 
     </span>
     <span class='ocr_line' id='line_1_13' title="bbox 515 997 1422 1049; baseline -0.004 -11"><span class='ocrx_word' id='word_1_68' title='bbox 515 1000 664 1038; x_wconf 89' lang='lat' dir='ltr'>Incutit</span> <span class='ocrx_word' id='word_1_69' title='bbox 692 999 777 1049; x_wconf 90' lang='lat' dir='ltr'>ipse</span> <span class='ocrx_word' id='word_1_70' title='bbox 805 999 878 1037; x_wconf 85' lang='lat' dir='ltr'>tibi</span> <span class='ocrx_word' id='word_1_71' title='bbox 907 999 999 1036; x_wconf 89' lang='lat' dir='ltr'>ficta</span> <span class='ocrx_word' id='word_1_72' title='bbox 1027 998 1084 1036; x_wconf 93' lang='lat' dir='ltr'>sic</span> <span class='ocrx_word' id='word_1_73' title='bbox 1112 998 1198 1047; x_wconf 87' lang='lat' dir='ltr'>lege</span> <span class='ocrx_word' id='word_1_74' title='bbox 1227 997 1422 1045; x_wconf 90' lang='lat' dir='ltr'>timorem,</span> 
     </span>
     <span class='ocr_line' id='line_1_14' title="bbox 514 1063 1429 1104; baseline -0.001 -2"><span class='ocrx_word' id='word_1_75' title='bbox 514 1066 651 1104; x_wconf 88' lang='lat' dir='ltr'>Vertat</span> <span class='ocrx_word' id='word_1_76' title='bbox 680 1072 720 1103; x_wconf 95' lang='lat' dir='ltr'>vt</span> <span class='ocrx_word' id='word_1_77' title='bbox 751 1066 791 1103; x_wconf 90' lang='lat' dir='ltr'>in</span> <span class='ocrx_word' id='word_1_78' title='bbox 820 1065 981 1103; x_wconf 89' lang='lat' dir='ltr'>brutum</span> <span class='ocrx_word' id='word_1_79' title='bbox 1011 1064 1062 1102; x_wconf 91' lang='lat' dir='ltr'>de</span> <span class='ocrx_word' id='word_1_80' title='bbox 1091 1063 1250 1102; x_wconf 86' lang='lat' dir='ltr'>racione</span> <span class='ocrx_word' id='word_1_81' title='bbox 1279 1064 1429 1101; x_wconf 88' lang='lat' dir='ltr'>virum:</span> 
     </span>
     <span class='ocr_line' id='line_1_15' title="bbox 515 1128 1603 1180; baseline -0.003 -11"><span class='ocrx_word' id='word_1_82' title='bbox 515 1132 576 1169; x_wconf 88' lang='lat' dir='ltr'>Ex</span> <span class='ocrx_word' id='word_1_83' title='bbox 604 1131 729 1169; x_wconf 91' lang='lat' dir='ltr'>oculis</span> <span class='ocrx_word' id='word_1_84' title='bbox 758 1131 929 1180; x_wconf 89' lang='lat' dir='ltr'>primum</span> <span class='ocrx_word' id='word_1_85' title='bbox 959 1129 1085 1176; x_wconf 89' lang='lat' dir='ltr'>dabis,</span> <span class='ocrx_word' id='word_1_86' title='bbox 1117 1135 1157 1167; x_wconf 94' lang='lat' dir='ltr'>vt</span> <span class='ocrx_word' id='word_1_87' title='bbox 1186 1129 1353 1167; x_wconf 89' lang='lat' dir='ltr'>retinere</span> <span class='ocrx_word' id='word_1_88' title='bbox 1382 1128 1603 1167; x_wconf 90' lang='lat' dir='ltr'>secundum</span> 
     </span>
     <span class='ocr_line' id='line_1_16' title="bbox 515 1194 1464 1245; baseline -0.001 -11"><span class='ocrx_word' id='word_1_89' title='bbox 515 1197 660 1243; x_wconf 90' lang='lat' dir='ltr'>Possis,</span> <span class='ocrx_word' id='word_1_90' title='bbox 692 1197 790 1235; x_wconf 92' lang='lat' dir='ltr'>dum</span> <span class='ocrx_word' id='word_1_91' title='bbox 819 1208 979 1233; x_wconf 87' lang='lat' dir='ltr'>causam</span> <span class='ocrx_word' id='word_1_92' title='bbox 1009 1195 1072 1233; x_wconf 86' lang='lat' dir='ltr'>lex</span> <span class='ocrx_word' id='word_1_93' title='bbox 1101 1194 1198 1245; x_wconf 88' lang='lat' dir='ltr'>regit</span> <span class='ocrx_word' id='word_1_94' title='bbox 1228 1195 1312 1244; x_wconf 90' lang='lat' dir='ltr'>ipsa</span> <span class='ocrx_word' id='word_1_95' title='bbox 1341 1200 1464 1233; x_wconf 90' lang='lat' dir='ltr'>tuam.</span> 
     </span>
     <span class='ocr_line' id='line_1_17' title="bbox 516 1259 1581 1310; baseline -0.003 -10"><span class='ocrx_word' id='word_1_96' title='bbox 516 1262 717 1301; x_wconf 89' lang='lat' dir='ltr'>Causidici</span> <span class='ocrx_word' id='word_1_97' title='bbox 747 1261 874 1299; x_wconf 89' lang='lat' dir='ltr'>nubes</span> <span class='ocrx_word' id='word_1_98' title='bbox 905 1268 997 1299; x_wconf 92' lang='lat' dir='ltr'>sunt</span> <span class='ocrx_word' id='word_1_99' title='bbox 1027 1261 1161 1299; x_wconf 88' lang='lat' dir='ltr'>ethera</span> <span class='ocrx_word' id='word_1_100' title='bbox 1191 1260 1258 1310; x_wconf 90' lang='lat' dir='ltr'>qui</span> <span class='ocrx_word' id='word_1_101' title='bbox 1288 1259 1581 1306; x_wconf 88' lang='lat' dir='ltr'>tenebrescunt,</span> 
     </span>
     <span class='ocr_line' id='line_1_18' title="bbox 516 1326 1394 1377; baseline -0.003 -12"><span class='ocrx_word' id='word_1_102' title='bbox 516 1328 667 1366; x_wconf 88' lang='lat' dir='ltr'>Lucem</span> <span class='ocrx_word' id='word_1_103' title='bbox 697 1340 778 1377; x_wconf 95' lang='lat' dir='ltr'>quo</span> <span class='ocrx_word' id='word_1_104' title='bbox 808 1328 900 1365; x_wconf 92' lang='lat' dir='ltr'>solis</span> <span class='ocrx_word' id='word_1_105' title='bbox 930 1339 1050 1365; x_wconf 89' lang='lat' dir='ltr'>nemo</span> <span class='ocrx_word' id='word_1_106' title='bbox 1080 1326 1213 1364; x_wconf 89' lang='lat' dir='ltr'>videre</span> <span class='ocrx_word' id='word_1_107' title='bbox 1242 1332 1394 1375; x_wconf 91' lang='lat' dir='ltr'>potest:</span> 
     </span>
     <span class='ocr_line' id='line_1_19' title="bbox 516 1391 1411 1441; baseline -0.002 -11"><span class='ocrx_word' id='word_1_108' title='bbox 516 1392 740 1431; x_wconf 89' lang='lat' dir='ltr'>Obfuscant</span> <span class='ocrx_word' id='word_1_109' title='bbox 767 1393 916 1431; x_wconf 84' lang='lat' dir='ltr'>etenim</span> <span class='ocrx_word' id='word_1_110' title='bbox 946 1392 1042 1441; x_wconf 87' lang='lat' dir='ltr'>legis</span> <span class='ocrx_word' id='word_1_111' title='bbox 1072 1391 1287 1429; x_wconf 90' lang='lat' dir='ltr'>clarissima</span> <span class='ocrx_word' id='word_1_112' title='bbox 1316 1391 1411 1438; x_wconf 91' lang='lat' dir='ltr'>iura,</span> 
     </span>
     <span class='ocr_line' id='line_1_20' title="bbox 516 1457 1395 1504; baseline -0.003 -7"><span class='ocrx_word' id='word_1_113' title='bbox 516 1459 569 1497; x_wconf 90' lang='lat' dir='ltr'>Et</span> <span class='ocrx_word' id='word_1_114' title='bbox 598 1471 668 1496; x_wconf 90' lang='lat' dir='ltr'>sua</span> <span class='ocrx_word' id='word_1_115' title='bbox 697 1471 776 1496; x_wconf 86' lang='lat' dir='ltr'>nox</span> <span class='ocrx_word' id='word_1_116' title='bbox 804 1464 903 1496; x_wconf 89' lang='lat' dir='ltr'>tetra</span> <span class='ocrx_word' id='word_1_117' title='bbox 931 1457 1118 1495; x_wconf 87' lang='lat' dir='ltr'>vendicat</span> <span class='ocrx_word' id='word_1_118' title='bbox 1148 1469 1234 1495; x_wconf 91' lang='lat' dir='ltr'>esse</span> <span class='ocrx_word' id='word_1_119' title='bbox 1263 1457 1369 1495; x_wconf 92' lang='lat' dir='ltr'>diem</span> <span class='ocrx_word' id='word_1_120' title='bbox 1385 1470 1395 1504; x_wconf 79' lang='lat'>3</span> 
     </span>
     <span class='ocr_line' id='line_1_21' title="bbox 517 1521 1542 1573; baseline -0.004 -11"><span class='ocrx_word' id='word_1_121' title='bbox 517 1524 608 1562; x_wconf 89' lang='lat' dir='ltr'>Istis</span> <span class='ocrx_word' id='word_1_122' title='bbox 637 1524 759 1573; x_wconf 90' lang='lat' dir='ltr'>inque</span> <span class='ocrx_word' id='word_1_123' title='bbox 787 1523 877 1561; x_wconf 91' lang='lat' dir='ltr'>viris</span> <span class='ocrx_word' id='word_1_124' title='bbox 907 1522 1036 1572; x_wconf 90' lang='lat' dir='ltr'>perdit</span> <span class='ocrx_word' id='word_1_125' title='bbox 1065 1534 1135 1560; x_wconf 88' lang='lat' dir='ltr'>sua</span> <span class='ocrx_word' id='word_1_126' title='bbox 1165 1522 1315 1559; x_wconf 88' lang='lat' dir='ltr'>lumina</span> <span class='ocrx_word' id='word_1_127' title='bbox 1344 1521 1542 1571; x_wconf 87' lang='lat' dir='ltr'>splendor,</span> 
     </span>
     <span class='ocr_line' id='line_1_22' title="bbox 516 1587 1459 1636; baseline -0.002 -10"><span class='ocrx_word' id='word_1_128' title='bbox 516 1590 666 1628; x_wconf 88' lang='lat' dir='ltr'>Verum</span> <span class='ocrx_word' id='word_1_129' title='bbox 696 1589 895 1635; x_wconf 84' lang='lat' dir='ltr'>mentitur,</span> <span class='ocrx_word' id='word_1_130' title='bbox 929 1588 1032 1625; x_wconf 87' lang='lat' dir='ltr'>fraus</span> <span class='ocrx_word' id='word_1_131' title='bbox 1062 1594 1179 1636; x_wconf 87' lang='lat' dir='ltr'>negat</span> <span class='ocrx_word' id='word_1_132' title='bbox 1210 1598 1296 1624; x_wconf 90' lang='lat' dir='ltr'>esse</span> <span class='ocrx_word' id='word_1_133' title='bbox 1326 1587 1459 1624; x_wconf 89' lang='lat' dir='ltr'>fidem.</span> 
     </span>
     <span class='ocr_line' id='line_1_23' title="bbox 518 1651 1494 1702; baseline -0.004 -10"><span class='ocrx_word' id='word_1_134' title='bbox 518 1656 601 1693; x_wconf 86' lang='lat' dir='ltr'>Lex</span> <span class='ocrx_word' id='word_1_135' title='bbox 629 1655 720 1692; x_wconf 87' lang='lat' dir='ltr'>furit</span> <span class='ocrx_word' id='word_1_136' title='bbox 749 1661 787 1692; x_wconf 92' lang='lat' dir='ltr'>et</span> <span class='ocrx_word' id='word_1_137' title='bbox 815 1654 940 1702; x_wconf 86' lang='lat' dir='ltr'>pietas</span> <span class='ocrx_word' id='word_1_138' title='bbox 971 1652 1127 1699; x_wconf 81' lang='lat' dir='ltr'>dormit,</span> <span class='ocrx_word' id='word_1_139' title='bbox 1159 1652 1358 1701; x_wconf 87' lang='lat' dir='ltr'>sapiencia</span> <span class='ocrx_word' id='word_1_140' title='bbox 1386 1651 1494 1699; x_wconf 85' lang='lat' dir='ltr'>fallit,</span> 
     </span>
     <span class='ocr_line' id='line_1_24' title="bbox 517 1718 1573 1770; baseline 0 -13"><span class='ocrx_word' id='word_1_141' title='bbox 517 1720 598 1758; x_wconf 85' lang='lat' dir='ltr'>Pax</span> <span class='ocrx_word' id='word_1_142' title='bbox 625 1726 772 1770; x_wconf 84' lang='lat' dir='ltr'>grauat‚</span> <span class='ocrx_word' id='word_1_143' title='bbox 804 1726 843 1757; x_wconf 92' lang='lat' dir='ltr'>et</span> <span class='ocrx_word' id='word_1_144' title='bbox 873 1719 959 1756; x_wconf 87' lang='lat' dir='ltr'>lites</span> <span class='ocrx_word' id='word_1_145' title='bbox 989 1718 1205 1756; x_wconf 88' lang='lat' dir='ltr'>commoda</span> <span class='ocrx_word' id='word_1_146' title='bbox 1233 1730 1392 1767; x_wconf 87' lang='lat' dir='ltr'>queque</span> <span class='ocrx_word' id='word_1_147' title='bbox 1421 1718 1573 1757; x_wconf 88' lang='lat' dir='ltr'>ferunt:</span> 
     </span>
     <span class='ocr_line' id='line_1_25' title="bbox 519 1783 1357 1833; baseline -0.004 -10"><span class='ocrx_word' id='word_1_148' title='bbox 519 1787 570 1823; x_wconf 86' lang='lat' dir='ltr'>Et</span> <span class='ocrx_word' id='word_1_149' title='bbox 598 1785 654 1824; x_wconf 91' lang='lat' dir='ltr'>sic</span> <span class='ocrx_word' id='word_1_150' title='bbox 683 1786 746 1823; x_wconf 85' lang='lat' dir='ltr'>lex</span> <span class='ocrx_word' id='word_1_151' title='bbox 773 1785 868 1833; x_wconf 86' lang='lat' dir='ltr'>legis</span> <span class='ocrx_word' id='word_1_152' title='bbox 897 1796 919 1821; x_wconf 90' lang='lat' dir='ltr'>a</span> <span class='ocrx_word' id='word_1_153' title='bbox 949 1783 1040 1821; x_wconf 92' lang='lat' dir='ltr'>ledo</span> <span class='ocrx_word' id='word_1_154' title='bbox 1070 1783 1170 1821; x_wconf 89' lang='lat' dir='ltr'>ledis</span> <span class='ocrx_word' id='word_1_155' title='bbox 1200 1783 1240 1820; x_wconf 92' lang='lat' dir='ltr'>in</span> <span class='ocrx_word' id='word_1_156' title='bbox 1270 1783 1357 1830; x_wconf 90' lang='lat' dir='ltr'>isto,</span> 
     </span>
     <span class='ocr_line' id='line_1_26' title="bbox 521 1846 1321 1896; baseline -0.004 -10"><span class='ocrx_word' id='word_1_157' title='bbox 521 1849 571 1886; x_wconf 91' lang='lat' dir='ltr'>Et</span> <span class='ocrx_word' id='word_1_158' title='bbox 602 1848 661 1885; x_wconf 91' lang='lat' dir='ltr'>ius</span> <span class='ocrx_word' id='word_1_159' title='bbox 690 1860 713 1885; x_wconf 88' lang='lat' dir='ltr'>a</span> <span class='ocrx_word' id='word_1_160' title='bbox 743 1847 865 1896; x_wconf 88' lang='lat' dir='ltr'>iurgo,</span> <span class='ocrx_word' id='word_1_161' title='bbox 898 1853 1077 1895; x_wconf 88' lang='lat' dir='ltr'>ternpore</span> <span class='ocrx_word' id='word_1_162' title='bbox 1107 1847 1190 1884; x_wconf 88' lang='lat' dir='ltr'>iura</span> <span class='ocrx_word' id='word_1_163' title='bbox 1218 1846 1321 1895; x_wconf 85' lang='lat' dir='ltr'>legit.</span> 
     </span>
     <span class='ocr_line' id='line_1_27' title="bbox 520 1912 1407 1962; baseline 0 -12"><span class='ocrx_word' id='word_1_164' title='bbox 520 1915 625 1952; x_wconf 83' lang='lat' dir='ltr'>Vnio</span> <span class='ocrx_word' id='word_1_165' title='bbox 655 1920 713 1952; x_wconf 91' lang='lat' dir='ltr'>set</span> <span class='ocrx_word' id='word_1_166' title='bbox 743 1913 879 1962; x_wconf 90' lang='lat' dir='ltr'>populi</span> <span class='ocrx_word' id='word_1_167' title='bbox 909 1912 1023 1950; x_wconf 87' lang='lat' dir='ltr'>firmo</span> <span class='ocrx_word' id='word_1_168' title='bbox 1053 1912 1084 1949; x_wconf 89' lang='lat' dir='ltr'>si</span> <span class='ocrx_word' id='word_1_169' title='bbox 1114 1918 1232 1950; x_wconf 86' lang='lat' dir='ltr'>staret</span> <span class='ocrx_word' id='word_1_170' title='bbox 1261 1923 1407 1959; x_wconf 87' lang='lat' dir='ltr'>amore,</span> 
     </span>
     <span class='ocr_line' id='line_1_28' title="bbox 521 1977 1390 2017; baseline -0.003 0"><span class='ocrx_word' id='word_1_171' title='bbox 521 1978 725 2017; x_wconf 87' lang='lat' dir='ltr'>Causidici</span> <span class='ocrx_word' id='word_1_172' title='bbox 754 1990 878 2015; x_wconf 89' lang='lat' dir='ltr'>vanus</span> <span class='ocrx_word' id='word_1_173' title='bbox 908 1984 1004 2014; x_wconf 91' lang='lat' dir='ltr'>tunc</span> <span class='ocrx_word' id='word_1_174' title='bbox 1033 1977 1133 2015; x_wconf 88' lang='lat' dir='ltr'>foret</span> <span class='ocrx_word' id='word_1_175' title='bbox 1163 1977 1228 2015; x_wconf 92' lang='lat' dir='ltr'>ille</span> <span class='ocrx_word' id='word_1_176' title='bbox 1255 1983 1390 2015; x_wconf 89' lang='lat' dir='ltr'>status.</span> 
     </span>
    </p>

    <p class='ocr_par' dir='ltr' id='par_1_5' title="bbox 523 2042 1624 2286">
     <span class='ocr_line' id='line_1_29' title="bbox 576 2042 1624 2092; baseline -0.001 -11"><span class='ocrx_word' id='word_1_177' title='bbox 576 2044 648 2081; x_wconf 91' lang='lat' dir='ltr'>Est</span> <span class='ocrx_word' id='word_1_178' title='bbox 676 2042 784 2081; x_wconf 90' lang='lat' dir='ltr'>bona</span> <span class='ocrx_word' id='word_1_179' title='bbox 813 2043 875 2081; x_wconf 88' lang='lat' dir='ltr'>lex</span> <span class='ocrx_word' id='word_1_180' title='bbox 904 2042 944 2079; x_wconf 92' lang='lat' dir='ltr'>in</span> <span class='ocrx_word' id='word_1_181' title='bbox 974 2054 1016 2080; x_wconf 93' lang='lat' dir='ltr'>se</span> <span class='ocrx_word' id='word_1_182' title='bbox 1046 2043 1180 2089; x_wconf 87' lang='lat' dir='ltr'>fateor,</span> <span class='ocrx_word' id='word_1_183' title='bbox 1212 2048 1346 2080; x_wconf 86' lang='lat' dir='ltr'>tamen</span> <span class='ocrx_word' id='word_1_184' title='bbox 1376 2042 1460 2081; x_wconf 86' lang='lat' dir='ltr'>eius</span> <span class='ocrx_word' id='word_1_185' title='bbox 1489 2042 1624 2092; x_wconf 90' lang='lat' dir='ltr'>inique</span> 
     </span>
     <span class='ocr_line' id='line_1_30' title="bbox 523 2107 1324 2147; baseline -0.002 0"><span class='ocrx_word' id='word_1_186' title='bbox 523 2110 716 2147; x_wconf 88' lang='lat' dir='ltr'>Rectores</span> <span class='ocrx_word' id='word_1_187' title='bbox 745 2107 862 2146; x_wconf 86' lang='lat' dir='ltr'>video</span> <span class='ocrx_word' id='word_1_188' title='bbox 892 2107 1049 2146; x_wconf 87' lang='lat' dir='ltr'>flectere</span> <span class='ocrx_word' id='word_1_189' title='bbox 1079 2108 1162 2145; x_wconf 91' lang='lat' dir='ltr'>iura</span> <span class='ocrx_word' id='word_1_190' title='bbox 1190 2108 1324 2146; x_wconf 91' lang='lat' dir='ltr'>modo.</span> 
     </span>
     <span class='ocr_line' id='line_1_31' title="bbox 523 2172 1522 2221; baseline -0.003 -9"><span class='ocrx_word' id='word_1_191' title='bbox 523 2175 617 2212; x_wconf 92' lang='lat' dir='ltr'>Non</span> <span class='ocrx_word' id='word_1_192' title='bbox 646 2173 748 2220; x_wconf 89' lang='lat' dir='ltr'>licet,</span> <span class='ocrx_word' id='word_1_193' title='bbox 779 2179 819 2210; x_wconf 90' lang='lat' dir='ltr'>vt</span> <span class='ocrx_word' id='word_1_194' title='bbox 849 2172 997 2220; x_wconf 87' lang='lat' dir='ltr'>dicunt,</span> <span class='ocrx_word' id='word_1_195' title='bbox 1029 2172 1139 2221; x_wconf 92' lang='lat' dir='ltr'>quod</span> <span class='ocrx_word' id='word_1_196' title='bbox 1168 2172 1414 2221; x_wconf 86' lang='lat' dir='ltr'>conspiracio</span> <span class='ocrx_word' id='word_1_197' title='bbox 1444 2172 1522 2219; x_wconf 89' lang='lat' dir='ltr'>fiat,</span> 
     </span>
     <span class='ocr_line' id='line_1_32' title="bbox 523 2237 1615 2286; baseline -0.001 -9"><span class='ocrx_word' id='word_1_198' title='bbox 523 2241 618 2277; x_wconf 92' lang='lat' dir='ltr'>Non</span> <span class='ocrx_word' id='word_1_199' title='bbox 648 2246 781 2276; x_wconf 88' lang='lat' dir='ltr'>tamen</span> <span class='ocrx_word' id='word_1_200' title='bbox 811 2238 888 2275; x_wconf 92' lang='lat' dir='ltr'>hoc</span> <span class='ocrx_word' id='word_1_201' title='bbox 917 2237 1066 2275; x_wconf 87' lang='lat' dir='ltr'>faciunt</span> <span class='ocrx_word' id='word_1_202' title='bbox 1095 2237 1205 2286; x_wconf 91' lang='lat' dir='ltr'>quod</span> <span class='ocrx_word' id='word_1_203' title='bbox 1234 2250 1304 2275; x_wconf 86' lang='lat' dir='ltr'>sua</span> <span class='ocrx_word' id='word_1_204' title='bbox 1334 2238 1416 2275; x_wconf 87' lang='lat' dir='ltr'>iura</span> <span class='ocrx_word' id='word_1_205' title='bbox 1445 2237 1615 2276; x_wconf 88' lang='lat' dir='ltr'>docent:</span> 
     </span>
    </p>
   </div>
   <div class='ocr_carea' id='block_1_4' title="bbox 525 2302 1712 2351">
    <p class='ocr_par' dir='ltr' id='par_1_6' title="bbox 525 2302 1712 2351">
     <span class='ocr_line' id='line_1_33' title="bbox 525 2302 1712 2351; baseline -0.003 -9"><span class='ocrx_word' id='word_1_206' title='bbox 525 2304 676 2343; x_wconf 86' lang='lat' dir='ltr'>Contra</span> <span class='ocrx_word' id='word_1_207' title='bbox 703 2303 948 2341; x_wconf 88' lang='lat' dir='ltr'>causidicum</span> <span class='ocrx_word' id='word_1_208' title='bbox 978 2302 1009 2340; x_wconf 90' lang='lat' dir='ltr'>si</span> <span class='ocrx_word' id='word_1_209' title='bbox 1039 2302 1137 2351; x_wconf 92' lang='lat' dir='ltr'>quid</span> <span class='ocrx_word' id='word_1_210' title='bbox 1165 2302 1286 2339; x_wconf 86' lang='lat' dir='ltr'>michi</span> <span class='ocrx_word' id='word_1_211' title='bbox 1315 2302 1377 2340; x_wconf 86' lang='lat' dir='ltr'>lex</span> <span class='ocrx_word' id='word_1_212' title='bbox 1406 2302 1473 2340; x_wconf 88' lang='lat' dir='ltr'>det</span> <span class='ocrx_word' id='word_1_213' title='bbox 1501 2302 1712 2351; x_wconf 83' lang='lat' dir='ltr'>agendum,</span> 
     </span>
    </p>
   </div>
   <div class='ocr_carea' id='block_1_5' title="bbox 525 2366 1671 2808">
    <p class='ocr_par' dir='ltr' id='par_1_7' title="bbox 527 2366 1415 2418">
     <span class='ocr_line' id='line_1_34' title="bbox 527 2366 1415 2418; baseline -0.003 -11"><span class='ocrx_word' id='word_1_214' title='bbox 527 2370 578 2407; x_wconf 88' lang='lat' dir='ltr'>Et</span> <span class='ocrx_word' id='word_1_215' title='bbox 607 2376 701 2418; x_wconf 89' lang='lat' dir='ltr'>peto</span> <span class='ocrx_word' id='word_1_216' title='bbox 730 2367 941 2405; x_wconf 90' lang='lat' dir='ltr'>consilium</span> <span class='ocrx_word' id='word_1_217' title='bbox 971 2367 1064 2404; x_wconf 90' lang='lat' dir='ltr'>iuris</span> <span class='ocrx_word' id='word_1_218' title='bbox 1094 2366 1240 2404; x_wconf 89' lang='lat' dir='ltr'>habere</span> <span class='ocrx_word' id='word_1_219' title='bbox 1270 2379 1415 2414; x_wconf 90' lang='lat' dir='ltr'>meum,</span> 
     </span>
    </p>

    <p class='ocr_par' dir='ltr' id='par_1_8' title="bbox 525 2431 1454 2479">
     <span class='ocr_line' id='line_1_35' title="bbox 525 2431 1454 2479; baseline -0.004 -7"><span class='ocrx_word' id='word_1_220' title='bbox 525 2435 643 2472; x_wconf 91' lang='lat' dir='ltr'>Tunc</span> <span class='ocrx_word' id='word_1_221' title='bbox 673 2433 811 2471; x_wconf 90' lang='lat' dir='ltr'>dicunt</span> <span class='ocrx_word' id='word_1_222' title='bbox 840 2433 916 2479; x_wconf 89' lang='lat' dir='ltr'>alii,</span> <span class='ocrx_word' id='word_1_223' title='bbox 949 2432 1090 2470; x_wconf 88' lang='lat' dir='ltr'>nolunt</span> <span class='ocrx_word' id='word_1_224' title='bbox 1119 2431 1276 2469; x_wconf 88' lang='lat' dir='ltr'>obstare</span> <span class='ocrx_word' id='word_1_225' title='bbox 1305 2432 1454 2478; x_wconf 86' lang='lat' dir='ltr'>sodali;</span> 
     </span>
    </p>

    <p class='ocr_par' dir='ltr' id='par_1_9' title="bbox 528 2498 1437 2546">
     <span class='ocr_line' id='line_1_36' title="bbox 528 2498 1437 2546; baseline -0.002 -9"><span class='ocrx_word' id='word_1_226' title='bbox 528 2500 593 2537; x_wconf 77' lang='lat' dir='ltr'>Sic</span> <span class='ocrx_word' id='word_1_227' title='bbox 621 2499 771 2546; x_wconf 76' lang='lat' dir='ltr'>ledum,</span> <span class='ocrx_word' id='word_1_228' title='bbox 803 2504 861 2536; x_wconf 84' lang='lat' dir='ltr'>set</span> <span class='ocrx_word' id='word_1_229' title='bbox 890 2510 958 2536; x_wconf 92' lang='lat' dir='ltr'>eos</span> <span class='ocrx_word' id='word_1_230' title='bbox 987 2498 1119 2536; x_wconf 89' lang='lat' dir='ltr'>ledere</span> <span class='ocrx_word' id='word_1_231' title='bbox 1149 2509 1268 2535; x_wconf 90' lang='lat' dir='ltr'>nemo</span> <span class='ocrx_word' id='word_1_232' title='bbox 1296 2504 1437 2546; x_wconf 90' lang='lat' dir='ltr'>potest.</span> 
     </span>
    </p>

    <p class='ocr_par' dir='ltr' id='par_1_10' title="bbox 529 2562 1547 2679">
     <span class='ocr_line' id='line_1_37' title="bbox 529 2562 1547 2612; baseline -0.001 -10"><span class='ocrx_word' id='word_1_233' title='bbox 529 2565 593 2602; x_wconf 78' lang='lat' dir='ltr'>Sic</span> <span class='ocrx_word' id='word_1_234' title='bbox 623 2563 697 2602; x_wconf 89' lang='lat' dir='ltr'>sibi</span> <span class='ocrx_word' id='word_1_235' title='bbox 727 2563 951 2602; x_wconf 86' lang='lat' dir='ltr'>causidicus</span> <span class='ocrx_word' id='word_1_236' title='bbox 981 2563 1120 2600; x_wconf 89' lang='lat' dir='ltr'>mundi</span> <span class='ocrx_word' id='word_1_237' title='bbox 1150 2562 1336 2612; x_wconf 88' lang='lat' dir='ltr'>perquirit</span> <span class='ocrx_word' id='word_1_238' title='bbox 1366 2562 1547 2610; x_wconf 90' lang='lat' dir='ltr'>honores,</span> 
     </span>
     <span class='ocr_line' id='line_1_38' title="bbox 531 2629 1330 2679; baseline -0.001 -12"><span class='ocrx_word' id='word_1_239' title='bbox 531 2629 774 2667; x_wconf 77' lang='lat' dir='ltr'>Subuertens</span> <span class='ocrx_word' id='word_1_240' title='bbox 803 2629 936 2679; x_wconf 86' lang='lat' dir='ltr'>lingue</span> <span class='ocrx_word' id='word_1_241' title='bbox 965 2629 1048 2666; x_wconf 86' lang='lat' dir='ltr'>iura</span> <span class='ocrx_word' id='word_1_242' title='bbox 1076 2629 1207 2678; x_wconf 88' lang='lat' dir='ltr'>vigore</span> <span class='ocrx_word' id='word_1_243' title='bbox 1237 2640 1330 2666; x_wconf 85' lang='lat' dir='ltr'>sue:</span> 
     </span>
    </p>

    <p class='ocr_par' dir='ltr' id='par_1_11' title="bbox 532 2693 1671 2808">
     <span class='ocr_line' id='line_1_39' title="bbox 532 2693 1671 2744; baseline 0 -12"><span class='ocrx_word' id='word_1_244' title='bbox 532 2694 708 2743; x_wconf 78' lang='lat' dir='ltr'>castiget</span> <span class='ocrx_word' id='word_1_245' title='bbox 737 2695 908 2744; x_wconf 90' lang='lat' dir='ltr'>reliquos</span> <span class='ocrx_word' id='word_1_246' title='bbox 938 2694 999 2732; x_wconf 86' lang='lat' dir='ltr'>lex</span> <span class='ocrx_word' id='word_1_247' title='bbox 1027 2706 1128 2743; x_wconf 90' lang='lat' dir='ltr'>quos</span> <span class='ocrx_word' id='word_1_248' title='bbox 1157 2693 1250 2740; x_wconf 91' lang='lat' dir='ltr'>vult,</span> <span class='ocrx_word' id='word_1_249' title='bbox 1280 2706 1362 2731; x_wconf 93' lang='lat' dir='ltr'>non</span> <span class='ocrx_word' id='word_1_250' title='bbox 1391 2700 1524 2731; x_wconf 87' lang='lat' dir='ltr'>tamen</span> <span class='ocrx_word' id='word_1_251' title='bbox 1554 2694 1671 2743; x_wconf 90' lang='lat' dir='ltr'>ipsos,</span> 
     </span>
     <span class='ocr_line' id='line_1_40' title="bbox 533 2758 1588 2808; baseline 0.001 -12"><span class='ocrx_word' id='word_1_252' title='bbox 533 2759 647 2808; x_wconf 71' lang='lat' dir='ltr'>Quos</span> <span class='ocrx_word' id='word_1_253' title='bbox 677 2759 774 2798; x_wconf 89' lang='lat' dir='ltr'>deus</span> <span class='ocrx_word' id='word_1_254' title='bbox 801 2766 869 2797; x_wconf 89' lang='lat' dir='ltr'>aut</span> <span class='ocrx_word' id='word_1_255' title='bbox 899 2759 1072 2797; x_wconf 87' lang='lat' dir='ltr'>mundus</span> <span class='ocrx_word' id='word_1_256' title='bbox 1102 2759 1226 2797; x_wconf 90' lang='lat' dir='ltr'>nescit</span> <span class='ocrx_word' id='word_1_257' title='bbox 1255 2758 1401 2797; x_wconf 91' lang='lat' dir='ltr'>habere</span> <span class='ocrx_word' id='word_1_258' title='bbox 1430 2759 1588 2808; x_wconf 86' lang='lat' dir='ltr'>probos.</span> 
     </span>
    </p>
   </div>
   <div class='ocr_carea' id='block_1_6' title="bbox 1060 2851 1258 2893">
    <p class='ocr_par' dir='ltr' id='par_1_12' title="bbox 1060 2851 1258 2893">
     <span class='ocr_line' id='line_1_41' title="bbox 1060 2851 1258 2893; baseline 0 -11"><span class='ocrx_word' id='word_1_259' title='bbox 1060 2862 1123 2893; x_wconf 84' lang='lat'>225</span> <span class='ocrx_word' id='word_1_260' title='bbox 1147 2861 1213 2892; x_wconf 89' lang='lat' dir='ltr'>que</span> <span class='ocrx_word' id='word_1_261' title='bbox 1232 2851 1258 2883; x_wconf 95' lang='lat' dir='ltr'>L</span> 
     </span>
    </p>
   </div>
   <div class='ocr_carea' id='block_1_7' title="bbox 1816 943 1881 966">
    <p class='ocr_par' dir='ltr' id='par_1_13' title="bbox 1816 943 1881 966">
     <span class='ocr_line' id='line_1_42' title="bbox 1816 943 1881 966; baseline -0.015 0"><span class='ocrx_word' id='word_1_262' title='bbox 1816 943 1881 966; x_wconf 79' lang='lat'>220</span> 
     </span>
    </p>
   </div>
   <div class='ocr_carea' id='block_1_8' title="bbox 1822 1599 1887 1630">
    <p class='ocr_par' dir='ltr' id='par_1_14' title="bbox 1822 1599 1887 1630">
     <span class='ocr_line' id='line_1_43' title="bbox 1822 1599 1887 1630; baseline 0.015 -8"><span class='ocrx_word' id='word_1_263' title='bbox 1822 1599 1887 1630; x_wconf 80' lang='lat'>230</span> 
     </span>
    </p>
   </div>
   <div class='ocr_carea' id='block_1_9' title="bbox 1826 2253 1891 2286">
    <p class='ocr_par' dir='ltr' id='par_1_15' title="bbox 1826 2253 1891 2286">
     <span class='ocr_line' id='line_1_44' title="bbox 1826 2253 1891 2286; baseline 0.015 -11"><span class='ocrx_word' id='word_1_264' title='bbox 1826 2253 1891 2286; x_wconf 89' lang='lat'>240</span> 
     </span>
    </p>
   </div>
  </div>
 </body>
</html>
