2095 3173
691 227 877 269 LIBER
920 229 1193 271 TERCIUS
1596 247 1672 285 107

316 334 500 374 Cristus
530 342 628 375 erat
655 336 775 386 virgo,
807 342 916 374 sunt
947 336 1016 374 illi
1046 348 1149 375 raro
1177 336 1365 386 pudici3

316 400 398 437 Hic
427 400 557 439 bonus
587 407 646 440 est
674 408 816 451 pastor,
848 402 902 439 hii
931 408 989 440 set
1019 402 1124 440 ouile
1152 408 1315 441 vorant:
1634 420 1673 442 20

316 464 502 503 Cristus
532 473 629 505 erat
659 479 784 514 verax,
816 467 869 504 hii
901 466 1126 516 blandaque
1155 466 1274 505 verba
1301 467 1528 517 requirunt3

317 528 504 568 Cristus
534 537 630 569 erat
659 531 796 578 iustus,
828 530 881 568 hii
911 531 985 569 nisi
1014 532 1115 570 velle
1143 532 1304 571 vident:

315 593 503 632 Cristus
532 602 629 633 erat
658 602 856 642 constans,
886 595 941 632 hii
969 603 1089 634 vento
1118 596 1372 645 mobiliores;

315 657 480 697 Obstitit
510 659 595 709 ipse
625 660 748 707 malis,
780 660 835 697 hii
865 661 988 710 magis
1018 661 1099 698 illa
1129 662 1287 700 sinunt:

315 723 386 760 Hii
416 725 534 773 pleno
563 726 771 763 stomacho
800 725 963 764 laudant
993 726 1138 764 ieiunia
1167 727 1284 765 Cristi
1300 741 1310 775 3

314 788 504 828 Cristus
533 802 702 839 aquam
732 791 861 839 peciit,
894 791 947 828 hii
977 790 1084 829 bona
1112 792 1203 829 vina
1232 791 1398 830 bibunt:

314 853 367 891 Et
396 861 594 905 quotquot
623 856 766 904 poterit
796 868 908 893 mens
939 868 1047 894 escas
1077 857 1328 906 premeditari

316 919 474 966 Lautas,
506 932 578 969 pro
607 921 815 959 stomacho
844 920 940 959 dant
969 933 1161 959 renouare
1190 934 1273 960 suo.

316 984 420 1022 Esca
449 985 609 1034 placens
638 986 775 1033 ventri,
807 985 862 1023 sic
891 992 950 1024 est
978 993 1017 1024 et
1045 993 1181 1025 venter
1209 986 1260 1024 ad
1290 998 1411 1033 escas,

314 1050 368 1087 Vt
397 1050 536 1088 Venus
564 1063 587 1088 a
615 1051 735 1089 latere
764 1056 840 1088 stet
871 1050 973 1088 bene
1002 1058 1112 1100 pasta
1141 1051 1242 1100 gule.
1633 1068 1675 1098 30

368 1115 538 1164 Respuit
567 1116 608 1153 in
637 1123 774 1154 monte
802 1115 877 1153 sibi
907 1116 1059 1154 Cristus
1089 1116 1241 1165 singula
1270 1128 1400 1166 regna,

315 1179 408 1218 Hiis
438 1180 512 1218 nisi
542 1181 745 1218 mundana
772 1180 895 1230 gloria
924 1181 1006 1218 sola
1035 1180 1174 1229 placet.

317 1243 499 1283 Moribus
529 1252 708 1283 assuetus
738 1245 834 1282 olim
864 1245 1031 1294 simplex
1060 1245 1144 1291 fuit,
1175 1251 1214 1283 et
1244 1257 1352 1284 nunc

315 1309 451 1348 Presul
481 1321 577 1359 opes
607 1321 737 1348 mores
766 1309 931 1359 deputat
959 1322 1046 1347 esse
1077 1321 1181 1347 suos.

314 1429 465 1468 Cristus
495 1437 576 1468 erat
605 1442 731 1477 verax,
764 1430 818 1467 hii
848 1429 1074 1479 blandaque
1104 1429 1223 1468 verba
1252 1430 1457 1480 requirunt
1473 1444 1484 1478 3

313 1495 465 1534 Cristus
494 1502 576 1534 erat
605 1494 742 1543 iustus,
774 1496 829 1533 hii
859 1496 933 1533 nisi
964 1496 1063 1534 velle
1091 1496 1251 1534 vident:
1609 1511 1649 1532 20

314 1560 465 1599 Cristus
495 1568 576 1599 erat
605 1568 803 1608 constans,
835 1561 889 1598 hii
918 1568 1037 1599 vento
1067 1560 1294 1599 mobiliores
1309 1575 1320 1609 3

314 1625 480 1665 Obstitit
509 1627 573 1666 ille
602 1627 726 1674 malis,
758 1627 812 1664 hii
842 1627 944 1664 mala
974 1633 1075 1665 stare
1105 1627 1266 1666 sinunt:

315 1691 467 1730 Cristus
497 1699 578 1730 erat
607 1692 726 1742 virgo,
759 1698 850 1730 sunt
880 1692 934 1729 illi
964 1704 1051 1729 raro
1080 1691 1215 1740 pudici
1231 1705 1242 1739 ;

314 1756 396 1794 Hic
427 1756 556 1795 bonus
585 1764 643 1795 est
672 1763 816 1807 pastor,
847 1756 902 1794 hii
931 1756 1002 1795 sed
1032 1757 1138 1795 ouile
1166 1762 1328 1795 vorant:

314 1822 386 1859 Hii
415 1822 535 1870 pleno
565 1822 772 1860 stomacho
798 1822 961 1859 laudant
991 1821 1138 1859 ieiunia
1167 1821 1311 1868 Cristi3

314 1885 507 1925 Mollibus
536 1886 676 1933 induti,
707 1886 838 1923 nudus
868 1892 906 1924 et
935 1886 1020 1934 ipse
1049 1885 1195 1934 pedes:

313 1951 364 1988 Et
394 1963 472 2000 que
501 1951 588 2000 plus
619 1956 805 2000 poterunt
835 1948 908 1988 sibi
939 1950 1086 1988 fercula
1115 1950 1220 1987 lauta
1249 1949 1387 1999 parari,

313 2015 379 2054 Ad
408 2017 552 2054 festum
583 2016 707 2054 Bachi
737 2015 834 2054 dant
863 2015 1095 2053 holocausta
1124 2014 1248 2064 quasi.
1606 2013 1670 2052 28*

314 2081 417 2119 Esca
445 2081 606 2130 placens
634 2080 770 2126 ventri,
803 2080 873 2117 &c.
903 2092 947 2116 as
977 2080 1076 2128 29ff.

315 2202 390 2241 Ille
418 2202 490 2240 fuit
519 2202 638 2251 virgo,
669 2202 733 2239 vix
761 2214 860 2239 vnus
889 2207 1021 2239 castus
1051 2213 1187 2239 eorum
1202 2214 1214 2248 3

313 2268 395 2305 Hic
424 2266 555 2306 bonus
584 2273 644 2305 est
672 2274 814 2316 pastor,
846 2266 900 2304 hii
930 2273 988 2305 set
1017 2266 1123 2304 ouile
1151 2271 1313 2303 vorant:
1580 2264 1642 2300 20*

315 2333 389 2371 Ille
418 2333 490 2370 fuit
518 2345 644 2379 verax,
676 2332 729 2369 hii
758 2331 986 2381 blandaque
1013 2330 1133 2369 verba
1162 2330 1365 2381 requirunt
1379 2343 1390 2378 3

316 2399 390 2436 Ille
419 2398 490 2436 fuit
520 2398 655 2445 iustus,
686 2397 741 2435 hii
771 2398 844 2435 nisi
874 2398 974 2435 velle
1004 2395 1163 2435 vident:

314 2463 388 2501 Ille
416 2463 488 2501 fuit
517 2469 714 2509 constans,
746 2463 800 2500 hii
829 2469 949 2501 vento
979 2461 1234 2508 mobiliore53

315 2527 479 2567 Obstitit
508 2527 592 2577 ipse
620 2527 744 2574 malis,
775 2527 830 2564 hii
859 2527 983 2577 magis
1012 2527 1095 2575 ipsa
1125 2525 1282 2563 sinunt:

316 2592 389 2629 Hii
417 2592 536 2641 pleno
566 2591 772 2630 stomacho
801 2592 964 2630 laudant
994 2590 1139 2628 ieiunia
1168 2588 1314 2635 Cristi3

315 2656 398 2694 Hic
426 2656 616 2705 limpham
645 2656 775 2706 peciit,
798 2655 852 2693 hii
882 2655 988 2693 bona
1017 2655 1108 2692 vina
1135 2652 1303 2691 bibunt:
1578 2650 1667 2690 26**

315 2722 367 2760 Et
397 2727 594 2771 quotquot
621 2722 763 2771 poterit
792 2722 877 2768 &c.,
909 2733 954 2758 as
985 2731 1032 2769 27
1047 2720 1084 2758 ff.

491 2822 554 2852 22*
576 2822 633 2854 ille
650 2822 713 2854 CD
757 2822 833 2863 ipse
851 2821 978 2853 HGEL
1109 2820 1169 2859 27*
1194 2819 1338 2860 poterint
1356 2819 1387 2849 D

493 2875 573 2914 24²⁸*
597 2874 689 2915 ipse]
706 2874 762 2906 ille
781 2874 830 2906 H2
