2095 3173
0 338 1 355 l

0 383 1 393 l

0 417 3 426 ι

651 227 840 268 LIBER
885 226 1125 268 PRIMUS

268 335 414 374 Deficit
442 335 507 373 hic
535 334 670 383 virtus,
695 335 886 374 viciorum
915 335 1031 384 copia
1060 334 1192 384 surgit,

267 402 319 439 Et
348 413 467 451 quem
497 400 669 439 deseruit
697 400 782 447 hec,
813 400 912 449 rapit
941 400 1006 437 illa
1036 400 1192 438 locum:

267 466 371 504 Inde
398 466 504 505 cadit
534 466 701 513 bonitas,
733 466 857 515 pietas
886 466 997 514 perit,
1027 464 1158 502 omnis
1187 464 1373 502 honestas

267 532 421 578 Exulat,
452 538 572 581 atque
601 531 733 580 sugam
762 531 933 569 consulit
962 542 1082 568 omne
1111 529 1287 570 bonum:

267 596 379 633 Hinc
406 608 518 634 amor
546 602 585 634 et
614 596 781 645 requies,
811 607 886 645 pax
915 602 954 633 et
983 595 1196 633 concordia
1225 594 1381 640 mentis,

268 661 448 710 Spesque
477 661 657 710 fidesque
687 673 776 698 suas
805 661 1013 698 deseruere
1042 661 1208 699 domos:

268 725 499 764 Sobrietatis
528 738 666 763 amans
695 726 840 764 modus
870 732 909 764 et
938 726 1165 764 moderacio
1194 737 1324 764 rerum

268 792 320 829 Et
348 791 480 841 pudor
507 803 530 829 a
560 792 678 842 longe
707 792 947 830 constituere
975 804 1151 830 moram:

266 857 483 894 Transtulit
512 856 563 895 ad
593 857 730 895 sedem
760 857 962 906 paciencia
991 869 1033 895 se
1062 857 1278 903 meliorem,

267 923 385 960 Mens
415 922 574 959 humilis
603 922 781 971 sequitur
809 922 892 960 eius
922 922 1068 971 vbique
1097 933 1256 960 comes:

267 988 440 1037 Agmine
468 988 656 1025 virtutum
687 987 843 1025 sublato
874 988 994 1036 surgit
1024 987 1063 1024 in
1093 987 1203 1024 illum

268 1053 387 1091 Plebs
416 1053 587 1100 inimica,
619 1065 759 1090 manus
789 1052 920 1101 impia,
951 1051 1067 1090 turba
1094 1052 1236 1101 grauis.

322 1118 515 1167 Undique
543 1130 760 1156 concursus
790 1118 929 1166 ingens
958 1123 1191 1163 conuentus,
1221 1115 1273 1153 ad
1303 1116 1419 1153 istum

267 1183 509 1222 Conflicturn
540 1183 676 1221 mortis
704 1183 872 1232 plurima
900 1181 1015 1219 turba
1043 1182 1141 1220 ruit:

271 1248 351 1296 Qui
381 1248 497 1285 simul
526 1246 710 1285 astabant
738 1253 963 1296 spectantes
992 1247 1128 1284 vltima
1156 1258 1274 1284 cause

268 1313 456 1363 Longius,
489 1325 535 1351 ex
565 1313 639 1350 illis
667 1325 767 1350 vnus
796 1318 835 1350 et
863 1312 960 1350 alter
988 1312 1052 1359 ait,

270 1378 374 1416 ‘Hic
403 1390 492 1416 reus
522 1384 581 1416 est
610 1377 757 1425 mortis,
791 1377 994 1416 sentencia
1023 1377 1073 1415 sit
1101 1376 1289 1426 capitalis,

279 1444 336 1482 Sit
365 1456 480 1481 cruor
508 1443 548 1480 in
579 1443 694 1481 nobis
725 1443 848 1493 inque
877 1443 1080 1492 perhenne
1109 1443 1226 1480 suus.'

269 1509 482 1558 Verbaque
511 1509 697 1546 dicuntur
725 1508 840 1546 dictis
869 1509 1063 1546 contraria
1091 1506 1231 1553 verbis,

274 1575 417 1612 Mutua
445 1586 522 1611 vox
550 1574 713 1612 tandem
741 1573 893 1623 garrula
921 1574 1112 1623 dampnat
1141 1584 1246 1610 eum.

271 1639 441 1677 Presulis
471 1639 510 1676 in
540 1645 720 1687 mortem,
751 1639 904 1677 violatis
934 1638 1108 1676 numinis
1137 1638 1224 1684 aris,

273 1705 485 1742 Prosiliunt
514 1704 659 1751 hostes,
690 1712 728 1743 et
757 1705 858 1742 latus
887 1716 1007 1742 omne
1037 1709 1197 1742 tenent:

279 1770 463 1809 Clamant
492 1770 695 1808 carnifices
724 1771 832 1807 nulla
860 1770 1008 1818 pietate
1038 1769 1197 1815 miserti,

279 1837 384 1874 ‘Hic
412 1836 598 1874 manibus
628 1836 771 1874 nostris
800 1835 1087 1874 interimendus
1116 1834 1212 1873 erit)

274 1901 476 1950 Impositis
505 1900 690 1938 manibus
719 1901 867 1938 collum
896 1912 986 1937 cum
1018 1899 1116 1936 falce
1146 1896 1345 1944 secabant,

275 1967 395 2004 Nulla
424 1966 523 2004 fides
553 1966 671 2004 Cristi
700 1966 783 2003 iura
811 1972 965 2003 veretur
993 1963 1047 2002 ibi
1062 1978 1072 2012 ;

275 2033 368 2081 Ipse
396 2038 530 2069 tamen
561 2031 713 2068 facinus
740 2031 941 2079 pacienter
970 2029 1125 2067 sustulit
1153 2040 1284 2073 omne,

276 2097 381 2136 Cum
410 2097 513 2134 mala
542 2102 651 2133 tanta
680 2096 788 2139 ferat,
819 2095 902 2144 ipse
931 2095 1087 2144 quietus
1113 2100 1207 2132 erat.

278 2163 371 2200 Non
401 2162 553 2211 ignorat
582 2173 650 2199 eos
680 2160 915 2198 malediccio
945 2159 1080 2198 debita
1109 2158 1239 2205 Cristi‚

276 2227 357 2276 Qui
387 2239 479 2264 cum
508 2227 587 2264 sint
616 2225 805 2272 membra,
838 2225 893 2263 sic
922 2226 1079 2263 coluere
1109 2229 1239 2273 caput.

329 2292 512 2340 Quatuor
540 2291 581 2328 in
610 2297 777 2328 mortem
807 2289 1002 2339 spirarunt
1031 2289 1164 2328 federa
1193 2287 1362 2334 Thome,

276 2358 448 2396 Simonis
478 2363 517 2395 et
544 2363 706 2395 centum
734 2355 842 2394 mille
870 2355 1017 2394 dedere
1046 2366 1209 2392 necem:

277 2424 341 2462 De
369 2423 448 2461 vita
476 2423 633 2460 Thome
662 2434 728 2459 rex
757 2428 890 2459 motus
918 2421 1039 2459 corde
1067 2417 1239 2465 dolebat,

276 2488 449 2526 Simonis
478 2494 696 2525 extremum
726 2498 792 2524 rex
821 2486 929 2524 dolet
957 2492 1076 2534 atque
1105 2484 1236 2522 diem:

278 2554 342 2592 Ira
370 2552 442 2589 fuit
470 2552 569 2601 regis
598 2563 704 2589 mors
733 2551 902 2597 Thome‚
933 2562 1039 2588 mors
1068 2555 1126 2587 set
1154 2547 1205 2585 ab
1235 2546 1345 2585 omni

277 2617 439 2666 Vulgari
467 2616 566 2653 furia
595 2616 767 2654 Simonis
798 2621 886 2652 acta
915 2615 1010 2653 fuit:

278 2681 486 2731 Disparilis
514 2693 633 2718 causa
663 2687 797 2718 manet
827 2687 866 2718 et
896 2691 1002 2717 mors
1031 2690 1107 2716 vna
1135 2676 1306 2723 duobus,

278 2746 470 2786 Inmerito
497 2744 641 2794 patitur
669 2745 793 2783 iustus
822 2751 985 2793 vterque
1012 2750 1157 2781 tamen.

280 2812 400 2850 Illeso
428 2810 532 2848 collo
560 2810 699 2859 gladiis
728 2809 842 2859 periit
869 2815 988 2857 caput
1016 2819 1150 2853 vnum,

278 2875 402 2926 Quod
430 2875 554 2924 magis
582 2881 792 2923 acceptum
823 2873 984 2922 suscipit
1012 2884 1078 2910 ara
1106 2870 1194 2918 dei3

858 2948 883 2974 E
905 2950 924 2975 2

1571 241 1621 280 51

1544 674 1627 704 1030

1547 1325 1630 1355 1040

1547 1974 1631 2006 1050

1550 2615 1636 2647 1060
