2095 3173
402 233 482 284 248

867 207 997 248 VOX
1041 207 1402 248 CLAMANTIS

504 314 767 354 Concordans
796 314 873 363 legi
902 315 1104 363 mixtaque
1134 314 1216 352 iure
1245 314 1323 352 dei.

504 381 657 430 Legum
686 379 795 417 frena
825 387 965 416 tenens
994 379 1107 417 freno
1137 385 1177 416 te
1206 378 1351 416 sorcius
1381 391 1470 417 arce
1485 393 1496 427 3

505 445 616 483 Dum
646 444 799 482 nullum
829 443 985 491 metuis,
1018 443 1070 482 sis
1099 450 1229 482 metus
1261 444 1346 493 ipse
1375 443 1475 482 tibi:

505 511 692 559 Namque
721 510 850 557 timor,
881 510 1002 548 virtus
1033 509 1204 557 humilis,
1237 510 1335 559 fugit
1364 522 1485 548 omne
1515 510 1742 560 superbum,

507 577 559 614 Et
589 576 701 625 quasi
730 576 917 614 virtutum
947 576 1119 625 clauiger
1147 588 1232 614 esse
1263 576 1374 614 solet.

506 643 578 680 Est
607 640 691 686 tibi,
721 653 798 688 rex,
831 641 972 679 melius
1003 641 1113 691 quod
1142 647 1181 680 te
1210 641 1262 679 de
1291 641 1378 691 lege
1407 640 1617 691 gubernes,

507 705 688 746 Subdere
717 719 837 755 quam
868 706 1007 745 mundi
1038 707 1191 756 singula
1222 719 1341 756 regna
1371 706 1468 746 tibi:

509 773 582 810 Est
610 779 769 822 propter
798 772 995 810 mundum
1024 771 1096 809 tibi
1126 771 1285 829 subdita
1315 784 1398 810 sors
1427 772 1605 820 aliorum,

506 838 571 876 Tu
599 844 760 887 propter
789 837 920 875 celum
950 835 1134 875 subditus
1164 844 1249 875 esto
1279 837 1368 876 deo.

506 903 561 942 Vt
589 903 662 941 tibi
692 903 865 942 deseruit
894 902 1066 952 populus
1096 902 1147 941 de
1177 903 1263 952 lege
1293 902 1495 951 subactus,

508 969 628 1009 Cristi
657 968 833 1008 seruiciis
863 975 985 1007 temet
1014 968 1066 1006 ad
1096 968 1217 1006 instar
1246 967 1376 1008 habe:

508 1036 680 1074 Vincere
710 1041 749 1073 te
779 1034 951 1081 studeas,
983 1034 1080 1072 alios
1111 1034 1179 1084 qui
1208 1034 1346 1082 vincis,
1378 1041 1417 1073 et
1447 1046 1588 1074 omnes

512 1101 709 1139 Excessus
738 1099 861 1137 animi
891 1098 1061 1138 subdere
1091 1099 1200 1137 disce
1229 1100 1310 1139 tui:

513 1166 739 1205 Iustificans
769 1165 866 1203 alios
896 1165 1032 1214 cupias
1063 1171 1102 1203 te
1131 1165 1354 1213 iustificare,

513 1233 686 1282 Iuraque
715 1231 815 1269 dans
845 1230 962 1280 plebi,
996 1230 1067 1269 des
1096 1230 1150 1268 ita
1180 1231 1263 1269 iura
1291 1230 1375 1269 tibi.

569 1297 651 1346 Qui
680 1309 841 1347 superas
871 1297 980 1344 alios,
1012 1303 1135 1335 temet
1165 1309 1350 1346 superare
1380 1297 1540 1346 labora3

515 1364 555 1402 Si
585 1375 651 1402 rex
681 1374 768 1401 esse
797 1361 904 1409 velis,
936 1367 975 1400 te
1004 1374 1105 1412 rege,
1137 1375 1204 1400 rex
1233 1369 1272 1401 et
1302 1363 1388 1400 eris.

515 1430 608 1478 Qua
636 1429 719 1466 fore
748 1440 790 1466 se
819 1439 952 1477 regem
981 1428 1125 1476 poterit
1155 1427 1314 1466 racione
1344 1428 1465 1475 fateri,

516 1493 666 1532 Mentis
696 1493 764 1542 qui
794 1492 949 1541 proprie
978 1505 1060 1530 non
1090 1493 1187 1542 regit
1216 1499 1304 1530 acta
1334 1495 1433 1531 sue?

517 1559 612 1597 Non
640 1558 743 1596 valet
773 1558 850 1595 hoc
878 1558 1053 1606 regimen
1083 1558 1168 1595 aliis
1198 1558 1376 1596 conferre
1405 1559 1584 1606 salutem,

449 1635 451 1638 ’
517 1626 627 1663 Dum
657 1623 732 1662 sibi
761 1636 844 1661 non
873 1623 989 1661 fuerit
1018 1630 1155 1670 rector,
1186 1630 1226 1662 vt
1256 1636 1343 1662 esse
1372 1624 1498 1663 decet.

517 1691 627 1728 Dum
657 1689 729 1727 tibi
758 1695 902 1726 cuncta
931 1689 1063 1736 licent,
1096 1701 1146 1727 ne
1176 1702 1316 1739 queras
1346 1697 1490 1729 cuncta
1518 1691 1647 1737 licere,

519 1756 602 1794 Res
631 1755 778 1793 etenim
807 1754 914 1792 licite
943 1755 1062 1792 noxia
1092 1767 1185 1804 sepe
1214 1755 1371 1794 ferunt:

518 1821 582 1858 Tu
612 1832 729 1870 super
758 1832 799 1858 es
829 1819 922 1866 iura,
954 1819 1080 1857 iustus
1110 1826 1168 1857 set
1197 1820 1286 1858 viue
1316 1819 1390 1859 sub
1419 1821 1505 1868 illis,

519 1886 699 1936 Spesque
728 1885 786 1923 tui
816 1883 932 1923 nobis
961 1897 1080 1923 causa
1109 1885 1244 1923 salutis
1273 1886 1356 1924 erit.

521 1952 593 1990 Est
621 1963 727 1989 mors
757 1950 812 1988 ira
839 1956 918 1997 tua,
950 1956 1063 1999 potes
1092 1950 1134 1989 id
1162 1951 1272 2000 quod
1302 1963 1383 1989 non
1412 1952 1515 2000 licet,
1547 1958 1585 1990 et
1615 1959 1654 1990 te

522 2017 689 2056 Prestita
717 2023 808 2054 vota
836 2022 971 2054 tamen
1001 2016 1147 2054 ducere
1176 2017 1269 2055 iuris
1298 2017 1471 2057 habent:

522 2082 645 2131 Quod
674 2082 766 2120 licet
795 2081 904 2119 illesa
933 2081 1077 2118 mentis
1107 2082 1313 2130 precordia
1342 2090 1483 2131 seruat,

523 2148 656 2187 Omne
685 2153 820 2184 tamen
849 2146 1001 2183 licitum
1031 2158 1112 2183 non
1142 2147 1283 2195 probat
1313 2160 1399 2185 esse
1428 2148 1624 2197 probum:

524 2213 647 2262 Quod
675 2212 767 2249 licet
796 2217 854 2250 est
883 2217 1023 2258 tutum,
1056 2218 1114 2249 set
1144 2224 1222 2262 que
1251 2220 1365 2262 potes
1394 2213 1459 2251 illa
1488 2213 1562 2251 sub
1590 2219 1675 2251 arto

525 2279 692 2316 Discute
722 2276 871 2314 iudicio
900 2276 1020 2314 fultus
1050 2277 1203 2315 honore
1231 2284 1312 2316 tuo.

524 2344 672 2382 Micius
700 2349 788 2380 acta
816 2353 938 2391 regas,
969 2342 1080 2379 aliter
1108 2342 1183 2380 nisi
1212 2355 1330 2381 causa
1359 2343 1554 2393 requirat3

524 2408 727 2457 Asperitas
756 2407 894 2445 odium
924 2418 1099 2456 seuaque
1127 2406 1232 2446 bella
1261 2414 1407 2446 mouet.

527 2474 622 2513 Non
651 2479 691 2511 te
719 2478 912 2524 pretereat
940 2472 1078 2521 populi
1107 2472 1264 2510 fortuna
1293 2473 1467 2521 potentis

527 2537 704 2585 Publica,
736 2544 794 2575 set
824 2537 979 2586 sapiens
1008 2537 1100 2574 talia
1129 2537 1208 2575 fata
1236 2550 1347 2576 caue.

527 2604 620 2642 Vita
649 2602 866 2641 Pharaonis
896 2609 934 2640 et
962 2608 1071 2652 gesta
1100 2603 1272 2652 maligna
1302 2604 1487 2652 Neronis,

529 2671 621 2718 Que
649 2669 753 2706 iusto
781 2668 861 2718 regi
891 2674 981 2705 sunt
1010 2667 1196 2717 fugienda
1225 2668 1382 2708 docent.

583 2734 620 2774 O
649 2733 756 2772 bone
785 2746 851 2772 rex
879 2733 1045 2781 iuuenis,
1075 2734 1136 2771 fac
1165 2734 1275 2783 quod
1303 2733 1482 2774 bonitate
1511 2736 1696 2775 iuuentus

530 2800 587 2838 Sit
615 2806 682 2837 tua
710 2799 912 2848 morigeris
941 2798 1076 2837 dedita
1105 2798 1176 2836 rite
1205 2799 1346 2838 modis.

796 2876 859 2916 613
884 2886 988 2916 super
1003 2885 1041 2907 es
1058 2875 1182 2907 SGDL
1227 2886 1372 2916 superes
1387 2877 1514 2909 CEHT

1809 329 1874 363 590

1815 974 1881 1006 600

1821 1631 1886 1662 610

1824 2285 1890 2317 620
